1819 2930
753 104 1056 149 ..332-

218 223 367 276 adicit,
399 238 487 267 non
531 223 728 267 dubitem
768 225 990 283 accipere,
1032 222 1152 283 quod
1195 238 1293 267 cum
1325 222 1540 268 Welkero
1557 224 1598 291 ¹)

218 301 465 339 statuerunt
494 293 551 339 Gr.
586 295 886 351 Hermannus,
903 301 948 349 2)
988 294 1037 341 C.
1072 294 1204 340 Fred.
1237 294 1535 350 Hermannus,
1555 299 1598 346 ³)

217 365 594 419 Schoenbornius‚
613 370 650 420 ⁴)
700 367 757 411 A.
801 367 1118 422 Muellerus:⁵)
1157 366 1409 416 Pnomethei
1450 374 1599 425 partes

218 438 416 497 expletas
439 438 574 482 fuisse
597 438 820 483 simulacri
849 439 1114 498 adjumento,
1147 438 1266 498 quod
1298 438 1396 497 rupi
1417 436 1599 482 affixum

218 517 334 554 esset
367 517 411 554 et
453 510 712 555 histrionem
751 511 875 572 ilhgn
910 512 1297 571 complecteretur,
1342 510 1418 569 qui
1457 510 1598 569 primo
1670 519 1672 522 '

220 582 409 627 Vulcani
441 589 589 642 partes
623 584 779 642 egerit.

313 654 485 708 Quodsi
536 654 940 700 Sommerbrodtius
959 654 1002 707 6)
1051 655 1360 700 Prometheum
1405 655 1454 698 in
1501 654 1597 714 ipso

222 726 414 783 incessu,
460 727 564 770 dum
598 727 710 772 liber
747 728 816 783 sit,
860 716 1180 786 quodammodo
1228 726 1422 771 indicare
1469 742 1600 787 posse

218 799 347 857 fingit
379 799 513 843 animi
548 800 614 842 sui
656 799 907 844 firmitatem
942 806 985 842 et
1007 799 1311 855 constantiam,
1344 806 1464 843 recte
1498 816 1598 843 cum

218 870 272 914 A.
292 870 505 915 Muellero
523 876 564 924 ⁷)
584 872 823 931 quaeritur,
846 871 962 916 unde
979 872 1112 916 liceat
1123 872 1268 916 eonici
1285 871 1597 917 Prometheum

218 943 454 1002 magnifice
477 944 699 998 incedere,
722 944 976 1003 priusquam
999 943 1055 988 ad
1077 959 1181 989 saxa
1195 944 1413 1002 alligetur.

340 1014 485 1059 Immo
517 1015 612 1075 ipse
643 1014 934 1060 Prometheus
968 1031 1068 1060 cum
1099 1015 1301 1060 Vulcano
1326 1014 1507 1060 Robore
1541 1014 1598 1059 Vi

213 1089 304 1145 jam
337 1087 439 1132 inde
471 1088 526 1132 ab
560 1087 687 1132 initio
721 1094 841 1132 stans
873 1088 917 1131 in
952 1101 1111 1133 scaena
1142 1087 1285 1147 potuit
1316 1087 1525 1147 conspici,
1560 1087 1594 1131 si

218 1159 395 1218 quidem
437 1160 581 1219 paries
625 1160 818 1219 quidam*
846 1159 1021 1204 ductilis
1065 1161 1309 1205 subtractus
1350 1167 1430 1215 est,
1471 1161 1596 1219 cujus

217 1232 399 1291 parietis
431 1248 559 1276 usum
592 1232 637 1276 in
670 1232 811 1290 Ajace
843 1231 1092 1292 Sophocleo
1116 1231 1309 1276 secundo
1342 1238 1443 1277 actu
1476 1238 1519 1275 et
1550 1232 1595 1277 in

217 1305 539 1349 Eumenidibus
573 1305 678 1347 satis
716 1304 1025 1363 cognoscimus
1069 1320 1122 1347 ex
1154 1304 1474 1350 Schoenbornii
1514 1306 1595 1349 hac

218 1377 275 1421 de
308 1391 355 1420 re
389 1376 677 1436 argumentis,
697 1375 738 1435 ⁸)
772 1376 944 1420 etiamsi
975 1376 1240 1421 vocabulum
1273 1369 1470 1433 ,,ἥκω,“
1506 1393 1593 1436 quo

217 1449 262 1492 in
295 1449 617 1493 Eumenidibus
652 1448 833 1493 Orestes
868 1456 911 1493 et
943 1449 988 1492 in
1019 1455 1170 1493 nostra
1200 1449 1428 1507 tragoedia
1461 1449 1596 1493 utitur

217 1520 314 1576 Bia,
348 1536 437 1564 non
472 1520 583 1564 tanti
617 1521 823 1579 ponderis
854 1521 1029 1576 faciam,
1064 1520 1233 1579 quanti'
1253 1521 1359 1566 fecit
1398 1520 1592 1566 Schoen-

216 1593 421 1649 bornius3
445 1609 545 1637 nam
570 1593 700 1637 etiam
722 1585 897 1651 ,,ἧ’κω“
922 1594 957 1637 is
980 1594 1097 1638 solus
1121 1593 1241 1649 dicit,
1265 1594 1339 1652 qui
1362 1594 1593 1653 ,,βε’βηκε’ν.“

304 1665 569 1724 Priusquam
619 1666 672 1709 de
724 1666 1031 1710 distributione
1082 1681 1371 1725 personarum
1411 1681 1593 1726 pergam

217 1739 424 1790 scribere,
456 1745 704 1797 propterea,
740 1754 826 1797 quo
863 1745 1060 1796 tempore
1093 1738 1282 1796 primum
1304 1739 1428 1784 haec.
1444 1741 1594 1785 fabula

293 1907 326 1949 ²)
354 1906 475 1941 adnot.
503 1906 551 1940 ad
576 1906 747 1953 Aeschyl.
775 1907 895 1942 Prom.
920 1906 964 1941 V.
991 1918 1026 1951 p.
1053 1905 1110 1941 55.
1137 1916 1214 1951 sqq.

294 1967 326 2009 ³)
354 1966 397 2002 In
424 1965 675 2011 disputatione
699 1976 938 2012 personarum
971 1965 1069 2002 inter
1101 1965 1298 2003 histriones
1332 1966 1369 2003 in
1395 1965 1593 2013 tragoediis

215 2039 266 2071 gr.
294 2026 475 2073 Marburg
502 2026 607 2063 1840.
634 2038 669 2073 p.
697 2027 754 2062 23.

293 2088 327 2131 ⁴)
355 2087 377 2122 l.
406 2096 436 2123 c.
463 2098 497 2132 p.
526 2086 609 2123 294.

292 2149 324 2191 ⁵)
353 2147 376 2182 l.
403 2157 433 2181 c.
461 2157 495 2193 p.
525 2146 598 2183 519
624 2159 701 2193 sqq.
