1819 2930
808 678 918 744 Gap.
945 677 979 729 Ι.

640 797 769 868 De
817 815 1129 869 scaena.

298 973 371 1016 De
406 987 564 1016 scaena
604 971 856 1017 Promethei
896 972 1145 1033 A‘schyleae
1192 989 1354 1032 magna
1401 972 1577 1032 quidem

202 1046 319 1090 inter
350 1044 471 1088 viros
504 1044 657 1088 doctos
695 1051 761 1088 est
801 1044 1038 1099 dissensio,
1088 1046 1165 1089 sed
1211 1044 1578 1104 simplicissimam

204 1133 299 1161 eam
345 1116 483 1160 fuisse
532 1131 682 1159 omnes
729 1116 963 1161 affirmant.
1043 1116 1112 1160 Ac
1159 1117 1348 1176 primum
1402 1115 1577 1175 quidem

202 1196 349 1233 utrum
389 1189 542 1232 aulaeo
582 1189 727 1231 velata
765 1189 898 1232 fuerit
937 1205 1096 1232 scaena
1135 1204 1273 1232 necne
1313 1188 1456 1232 adhuc
1497 1188 1577 1231 suh

198 1261 347 1322 judice
387 1260 441 1304 lis
484 1265 548 1304 est
589 1260 702 1305 inter
734 1260 1025 1319 explicatores
1057 1260 1320 1306 Promethei.
1385 1260 1577 1318 Droyse-

203 1335 301 1378 nius
332 1334 448 1377 enim
481 1333 536 1377 ad
567 1333 699 1377 finem
730 1333 948 1378 versionis
969 1333 1221 1378 Promethei
1255 1334 1453 1378 aulaeum
1483 1332 1579 1377 tolli

206 1405 444 1451 contendit.
463 1410 503 1458 ¹)

293 1475 589 1521 Schneiderus
604 1475 647 1535 ²)
671 1492 822 1520 omnes
846 1476 1003 1535 quibus
1026 1477 1167 1521 aulaei
1193 1477 1357 1521 mentio
1379 1476 1428 1519 fit
1458 1476 1577 1520 locos

205 1549 449 1608 congessit3
473 1548 550 1592 sed
567 1550 657 1605 jam
680 1548 960 1592 Hermannus
975 1552 1018 1600 ³)
1043 1556 1085 1592 et
1111 1549 1393 1607 Boettigerus
1409 1553 1452 1600 ⁴)
1475 1548 1579 1591 satis

206 1636 424 1680 superque
456 1621 824 1676 demonstrarunt,
857 1621 914 1664 ad
946 1637 1150 1665 scaenam
1183 1620 1361 1664 minime
1384 1626 1579 1679 spectare

206 1709 318 1753 quae
349 1693 599 1750 Hesychius
616 1695 653 1748 ⁵)
696 1698 740 1737 et
771 1691 987 1750 Suidas⁶)
1028 1694 1109 1738 hac
1143 1694 1197 1737 de
1227 1708 1275 1737 re
1308 1692 1576 1752 scripserint.

285 1813 318 1859 ¹)
346 1813 402 1851 Cf.
428 1813 539 1850 etiam
565 1813 663 1859 quod
687 1813 725 1848 in
751 1813 918 1850 versione
938 1813 1039 1860 Sept.
1058 1819 1173 1851 contr.
1201 1814 1317 1851 Theb.
1337 1813 1441 1850 initio
1467 1812 1578 1849 tacite

209 1873 253 1909 de
279 1873 408 1909 aulaeo
444 1883 466 1908 a
490 1873 640 1910 Graecis
670 1872 835 1909 adhibito
861 1883 1004 1909 sumere
1040 1874 1195 1911 videtur.
1247 1874 1348 1910 Idem
1379 1872 1424 1909 de
1449 1873 1579 1908 aulaeo

170 1933 321 1980 *sentit
352 1932 540 1970 Genellius
573 1933 747 1979 (Theater
780 1944 827 1968 zu
861 1931 996 1978 Athen,
1031 1931 1195 1971 Ber-oliui
1232 1938 1271 1969 et
1299 1932 1447 1978 Lipsiae
1485 1932 1579 1967 1818

208 2004 243 2039 p.
270 1993 327 2030 54.
355 1997 393 2029 et
416 1993 581 2030 Lohdius
609 1993 692 2038 (Die
719 1992 838 2029 Skene
862 1993 928 2029 der
952 1993 1092 2038 Alten).
1144 1993 1307 2031 Berolini
1333 1992 1438 2028 1830.
1470 2003 1505 2037 p.
1533 1991 1579 2026 12

209 2053 335 2098 (20tes
361 2054 574 2099 Pr‘ogramm
600 2063 683 2088 zum
710 2052 1109 2098 Winkelmannsfeste).

286 2115 317 2157 ²)
345 2113 533 2151 Attisches
560 2113 844 2149 Theaterwesen
869 2124 904 2159 p.
932 2114 995 2150 81.
1020 2113 1090 2150 No.
1117 2113 1201 2150 103.

287 2174 319 2216 ³)
346 2172 470 2218 Leips.
497 2173 569 2209 Lit.
597 2173 690 2208 Zeit.
720 2173 825 2208 1818.
860 2173 894 2209 S.
924 2174 1028 2209 1906.

286 2234 318 2276 ⁴)
345 2234 424 2268 Art.
452 2232 574 2268 Notiz.
601 2232 658 2267 Bl.
685 2231 791 2268 1824.
818 2232 885 2269 No.
914 2232 947 2268 2.
1005 2232 1136 2268 Kleine
1161 2231 1347 2268 Schriften
1374 2232 1407 2266 1.
1433 2241 1468 2277 p.
1495 2229 1580 2266 402.

287 2293 319 2337 ⁶)
346 2303 376 2331 s.
402 2304 436 2329 v.
461 2288 604 2330 αὐλαία.

286 2352 321 2397 ⁶)
347 2363 374 2391 S·
402 2363 434 2389 v.
461 2350 605 2391 αὐλαία.
