1819 2930
330 290 421 337 Alii
443 289 598 335 deinde
621 303 676 333 ex
698 287 948 333 Aristotelis
971 287 1086 332 dicto
1120 283 1199 343 „voi
1232 287 1303 330 τοῦ
1332 287 1458 343 χοροῦ
1480 283 1605 344 ἧλοίτ-

238 367 373 410 τωσε“
403 362 714 422 conjiciebant,
756 376 842 420 quo
882 360 1023 419 magis
1065 360 1184 403 chori
1224 361 1417 404 carmina
1451 360 1608 404 cedant

237 437 410 482 fabulae
450 435 555 494 ipsi,
597 449 648 476 eo
689 447 784 476 esse
822 432 1094 492 tragoediam
1127 432 1413 491 posteriorem
1445 439 1489 475 et
1520 448 1606 474 ma—

236 510 457 554 turiorem.
521 507 582 549 At
629 505 711 549 hoc
758 521 847 548 non
886 505 947 548 ita
987 505 1245 548 Aristoteles
1293 505 1347 548 de
1388 504 1606 561 Aeschylo

239 580 424 638 scripsit,
459 584 506 636 ut
538 593 636 621 eum
668 577 714 619 in
746 592 908 620 annum
940 576 1083 634 magis
1113 571 1192 629 „voi
1225 575 1294 618 τοῦ
1326 574 1454 631 χοροῦ
1488 576 1607 618 ἔλατ-

240 653 393 696 τόᾷἐτοικς
426 650 580 705 vellet3
614 649 711 707 quis
752 648 867 692 enim
898 649 1038 692 nescit
1068 648 1446 707 Agamemnonem
1484 648 1608 706 plura

241 723 360 767 chori
394 721 586 765 carmina
623 720 784 765 habere
818 735 951 778 qnam
990 719 1317 775 Prometheum,
1360 735 1458 763 cum
1491 723 1607 778 Aga-

240 811 411 840 memno
443 790 589 838 multis
622 793 746 837 annis
778 800 878 853 post
901 793 1061 852 scripta
1084 793 1151 847 sit,
1186 800 1229 836 et
1251 792 1452 852 equidem
1475 809 1607 852 quum

237 861 435 913 inanium
466 868 815 924 conjecturarum
854 881 1080 910 numerum
1122 881 1283 923 augere
1320 865 1477 921 nolim,
1516 866 1607 922 jam

239 948 410 985 transeo
444 939 498 983 ad
530 939 671 997 ipsam
703 938 1050 982 distributionem
1083 954 1381 996 personarum.

329 1010 423 1063 Βίας
463 1017 609 1070 partes
639 1004 675 1053 ¹a
714 1009 937 1065 satellitio,
986 1009 1031 1053 id
1071 1010 1186 1069 quod
1234 1007 1492 1067 δορυφόρημα
1532 1025 1606 1052 vo-

242 1085 400 1128 cabant
431 1081 615 1138 Graeci,
656 1090 776 1127 actas
817 1098 911 1127 esse
953 1083 1065 1126 inter
1106 1098 1255 1126 omnes
1295 1083 1467 1127 videtur
1506 1099 1606 1126 con-

239 1163 374 1213 stare3
413 1152 571 1212 Κράτος,
624 1161 768 1200 utrum
815 1151 1197 1213 παραχορήγημαῑ)
1231 1154 1361 1200 fuerit
1400 1172 1455 1200 an
1487 1156 1606 1199 trita-

238 1229 431 1288 gonistes
463 1235 616 1272 contra
637 1228 692 1273 A.
715 1228 975 1272 Muellerum
991 1229 1032 1284 2)
1071 1229 1125 1272 ab
1149 1228 1201 1271 iis
1223 1228 1267 1272 in
1292 1228 1606 1272 dubitationem

238 1301 385 1345 vocari
406 1292 599 1360 'potest,
653 1300 728 1360 qui
775 1302 867 1359 jam
915 1301 958 1344 in
1007 1300 1267 1345 Prometheo
1315 1317 1441 1345 usum
1490 1301 1607 1345 tertii

237 1373 457 1417 histrionis
491 1380 681 1417 statuere
719 1374 882 1417 volunt.
917 1399 976 1405 --
1009 1373 1125 1417 God.
1158 1373 1441 1417 Hermannus
1473 1373 1607 1418 etiam

239 1443 417 1501 Kpa'rovg
457 1452 603 1505 partes
642 1445 697 1489 ad
740 1445 1136 1505 deuteragonistam
1185 1446 1337 1503 refert,
1389 1446 1511 1506 quia,
1560 1453 1608 1490 ut

239 1519 299 1563 ait
328 1519 576 1574 Richterus,
611 1519 1037 1577 parachoregematis
1070 1519 1245 1562 omnino
1278 1519 1318 1562 ei
1349 1535 1437 1562 non
1466 1520 1609 1577 placet

239 1590 546 1647 adjumentum.
610 1590 827 1634 Personas
866 1598 1009 1633 autem
1050 1590 1111 1633 sic
1151 1590 1371 1634 distribuit
1408 1590 1464 1634 G.
1496 1590 1608 1634 Her—

239 1678 422 1707 mannus
456 1669 499 1706 et
531 1663 605 1722 qui
638 1678 735 1706 eum
769 1669 939 1706 secutus
972 1670 1038 1706 est
1071 1661 1379 1722 Geppertus³)

298 1734 335 1778 Ι.
368 1734 700 1794 Protagonistes
732 1761 791 1767 —
823 1734 1102 1794 Hephaestus
1134 1742 1177 1779 et
1208 1735 1512 1779 Prometheus.

213 1805 216 1809 ’
273 1807 332 1852 ΙΙ.
364 1807 754 1867 Deuteragonistes
773 1836 830 1841 —
847 1809 1024 1865 Kratos,
1049 1807 1268 1863 Oceanus,
1298 1809 1372 1865 Jo,
1397 1809 1608 1866 Hermes3

316 1918 347 1960 ¹)
374 1918 571 1955 Disserunt
588 1918 632 1954 de
651 1911 960 1966 ,,παραχορήγημιι“
979 1918 1111 1954 Pollux
1132 1918 1210 1962 (On.
1227 1918 1287 1954 IV.
1306 1919 1390 1961 110)
1410 1918 1611 1954 Schneider

242 1976 278 2020 (1.
306 1987 335 2012 c.
364 1978 445 2014 adn.
475 1979 560 2023 161)
587 1979 739 2015 Richter
771 1978 843 2021 (die
868 1978 1111 2024 Vertheilung
1147 1978 1211 2014 der
1246 1978 1379 2015 Rollen
1410 1983 1519 2014 unter
1553 1978 1611 2014 die

243 2035 499 2083 Schauspieler
530 2039 595 2075 der
627 2050 679 2085 gr.
716 2039 823 2084 Trag.
883 2039 1006 2075 Berlin
1034 2038 1139 2075 1842.
1179 2050 1214 2085 p.
1242 2039 1299 2075 31.
1328 2039 1408 2075 108.
1448 2039 1609 2085 passim.)

244 2095 338 2132 Beer
362 2097 500 2142 (Ueber
525 2099 583 2136 die
608 2099 702 2136 zahl
727 2099 792 2135 der
817 2098 1073 2145 Schauspieler
1098 2099 1158 2135 bei
1183 2099 1460 2146 Aristophanes.
1510 2099 1610 2145 Lips.

242 2156 345 2193 1844.
386 2171 422 2204 p.
452 2160 498 2195 12
525 2162 615 2205 sqq.)
673 2159 713 2195 C.
737 2159 796 2195 Fr.
824 2159 1053 2195 Hermannus
1086 2160 1123 2202 (l.
1151 2169 1181 2194 c.
1208 2171 1243 2204 p.
1270 2160 1317 2194 22
1343 2171 1419 2205 sqq.
1447 2161 1493 2195 59
1519 2161 1610 2205 sqq.)

243 2215 522 2256 Sommerbrodt.
559 2226 609 2266 (p.
636 2219 683 2255 53
710 2221 801 2266 sqq.)
836 2223 877 2255 Α.
903 2218 1061 2256 Mueller
1096 2218 1132 2264 (l.
1162 2229 1191 2255 c.
1224 2231 1258 2266 p.
1286 2219 1387 2264 520oe
1421 2224 1531 2266 atque
1567 2219 1610 2256 de

242 2287 281 2313 re
306 2278 386 2324 ipsa
410 2290 527 2326 paene
555 2291 681 2318 omnes
698 2280 941 2325 consentuint,
970 2280 1193 2317 dissentiunt
1209 2285 1331 2317 autem
1349 2292 1428 2317 cum
1446 2281 1609 2316 Polluce.

317 2340 351 2379 2)
379 2339 404 2375 l.
432 2350 462 2377 c.
486 2352 522 2388 p.
549 2341 631 2378 518.

320 2398 402 2442 ⁸)'l.
428 2410 459 2436 c.
486 2411 522 2447 p.
549 2400 607 2438 58.
