1819 2930
531 124 533 127 .
754 93 814 116 =
875 69 933 124 ,23
999 90 1056 98 -

431 208 473 236 v.
512 191 631 235 1084

431 259 498 306 καὶ
539 257 612 319 μὴν
653 257 751 316 ἔργῳ
793 254 899 302 κ’ὃυκ
940 255 995 301 ἔτι
1026 253 1145 316 μύθῳ

429 330 547 391 χθών
580 327 831 376 σεσάλευται·
864 330 1016 386 βρυχία
1048 324 1178 387 δ’ἧχώ

433 404 720 463 παραμυκᾶται
754 403 927 461 βροντῆς,
960 394 1078 455 ἕλικες
1111 397 1149 444 δ’

384 518 392 526 .
436 475 683 535 ἐκλάμπουσι
715 474 910 533 στεροπῆς
949 472 1141 530 ζάπυροι,

432 546 629 608 στρόμβοι
669 547 711 592 δὲ
750 543 849 592 κο’νιν
890 545 1121 591 εἱλίσσουσι·

432 620 578 678 σκιρτᾷ
618 617 805 678 ὁχόἷνέμων
837 616 1038 676 πνεύματα
1080 615 1233 662 πάντων

434 693 483 747 εἷς
531 686 691 750 ἄλληλα
740 687 881 735 στοίσιν
923 687 1119 735 οἶντίπνουν

436 760 753 823 ἀποδεικνύμενα·
802 760 1107 820 ξυντετάρακται
1139 759 1173 806 δ’
1243 792 1248 798 -

436 833 561 895 οἷιθὴρ
593 833 739 893 πόντῳ.
775 872 784 881 .
818 869 828 879 .
864 869 875 880 .

319 912 423 957 Duo
455 904 624 956 tantum
657 908 851 953 fulminis
890 907 935 950 in
979 923 1138 951 scaena
1179 907 1363 954 adhibiti
1403 913 1605 971 exempla

233 985 363 1031 nobis
403 988 659 1037 occurrunt,
699 981 882 1025 alterum
924 979 969 1023 in
1005 979 1088 1032 hac
1128 980 1379 1039 tragoedia,
1419 982 1605 1027 alterum

192 1094 198 1100 .
231 1059 277 1102 in
310 1049 542 1116 Sophoclis
572 1052 732 1112 oedip.
757 1051 911 1097 Colon.
946 1053 1076 1097 1466.
1111 1052 1182 1096 De
1210 1053 1415 1099 machina
1446 1061 1605 1112 autem,

232 1144 346 1189 quae
393 1127 587 1171 fulminis
630 1125 822 1185 speciem
872 1124 1146 1179 imitabatur,
1194 1141 1335 1184 paene
1384 1126 1428 1170 id
1466 1127 1607 1171 solum

231 1216 310 1259 pro
359 1205 478 1243 certo
526 1197 744 1242 affirmare
792 1211 1047 1254 possumus,
1097 1211 1215 1252 eam,
1265 1202 1607 1253 κεραυνοσκοπὲὶον

236 1271 520 1324 nominatam,
552 1269 687 1314 fuisse
709 1269 754 1312 in
777 1267 992 1326 superiori
1014 1267 1203 1326 quodam
1235 1269 1334 1313 loco
1356 1269 1607 1314 adhibitam.

234 1344 416 1388 Etenim
467 1340 729 1400 descriptio,
780 1355 892 1398 quac
934 1340 1027 1383 sola
1068 1347 1187 1384 extat
1228 1342 1342 1400 apud
1382 1341 1608 1386 Pollucem

238 1415 332 1469 (On
348 1414 428 1459 IV.
454 1413 559 1471 130)
578 1417 618 1465 ¹)
640 1427 919 1470 nequaquam
937 1417 1003 1455 est
1020 1411 1227 1457 dilucida.
1248 1399 1548 1459 'Schneiderus
1565 1413 1608 1473 ²)

234 1503 414 1547 parvam
455 1486 500 1529 in
539 1484 744 1529 machina
783 1484 979 1527 versatili
1029 1484 1238 1529 laternam
1279 1486 1525 1545 suspicatur
1564 1486 1609 1529 in

237 1575 326 1619 qua
356 1558 473 1618 ignis
504 1558 567 1602 ita
598 1556 802 1608 aleretur,
835 1562 884 1600 ut
916 1556 953 1599 si
985 1556 1188 1602 maehina
1222 1557 1609 1616 circumageretur,

314 1748 345 1791 ¹)
371 1750 661 1793 κεραυνοσκοπεῒον
687 1745 720 1780 δὲ
746 1747 799 1780 καὶ
825 1747 1009 1794 βροντεῖονε
1036 1740 1135 1794 τᾶμὲν
1160 1747 1235 1782 ἐστι
1260 1746 1434 1794 περίακτος
1459 1741 1586 1793 ὑψηλή.

315 1809 347 1851 ²)
374 1807 396 1842 l.
425 1817 455 1843 c.
482 1818 517 1853 p.
547 1807 626 1842 102.
654 1806 825 1843 N0.122.
877 1807 978 1850 „Das
1011 1811 1297 1852 κεραυνοσκοπεῖον
1330 1818 1405 1843 war
1436 1807 1501 1844 der
1533 1808 1610 1845 Ort.

237 1877 308 1903 von
333 1877 389 1903 wo
415 1866 480 1903 der
504 1866 602 1902 Blitz
635 1866 851 1913 dargestcllt
885 1866 1008 1902 wurde
1043 1866 1119 1902 und
1154 1866 1311 1903 bestand
1340 1876 1407 1904 aus
1439 1867 1542 1903 einer
1574 1867 1612 1904 in

239 1926 306 1962 der
330 1926 449 1963 Hohe.
462 1925 754 1972 angebrachten‚
788 1917 1091 1963 wahrscheinlich
1124 1927 1274 1964 kleinen
1301 1927 1613 1973 laternenartigen

237 1985 544 2030 Drehmaschine,
576 1986 615 2022 in
650 1986 808 2040 welchgr
832 1986 893 2022 ein
917 1987 1039 2022 Feuer
1062 1986 1228 2023 brannte.
1282 1986 1422 2022 Wurde
1448 1987 1507 2023 die
1531 1987 1611 2023 Ma-

239 2045 365 2082 schine
402 2045 576 2093 gedreht,
615 2057 656 2084 so
696 2046 760 2085 fiel
796 2047 862 2083 das
898 2046 1010 2082 Licht
1048 2047 1155 2083 einen
1189 2045 1421 2092 Augenblick
1459 2047 1527 2083 auf
1553 2046 1613 2083 die

239 2104 380 2144 Bilhne'.
410 2127 455 2132 —
482 2107 540 2143 Da
571 2117 629 2143 am
662 2110 761 2153 Tage
794 2106 953 2154 gespielt
984 2106 1124 2150 wurde‚
1159 2117 1199 2142 so
1233 2106 1371 2143 konnte
1405 2106 1471 2142 der
1503 2106 1612 2143 blitz-

240 2166 358 2212 artige
393 2166 526 2203 Schein
557 2177 629 2203 nur
660 2166 757 2203 dann
793 2166 962 2203 bemerkt
992 2166 1154 2210 werden,
1195 2174 1299 2201 wenn
1332 2165 1391 2202 die
1422 2166 1614 2203 Maschine

242 2224 437 2270 moglichst
462 2227 548 2261 weit
572 2225 666 2261 nach
692 2226 774 2261 dem
791 2225 1064 2271 Hintergrunde
1083 2225 1147 2261 der
1164 2224 1291 2263 Biihne
1318 2235 1365 2261 zu
1389 2225 1615 2270 angebracht

240 2283 374 2328 wurde‚
400 2296 454 2322 wo
479 2294 519 2323 es
545 2284 681 2322 dunkel
705 2286 816 2322 war.“
