1819 2930
765 101 1061 147 *33-

227 228 356 270 docta
388 225 457 280 sit,
489 222 806 282 inquirendum*
829 222 923 273 erit,
957 220 1076 279 quod
1095 215 1295 261 nonnulli
1321 229 1374 257 ex
1395 220 1591 272 tempore

228 298 430 343 conicere
448 295 599 341 conati
616 301 716 340 sunt
730 309 959 340 numerum
975 291 1234 336 histrionum
1252 293 1296 331 et
1313 286 1387 331 alii
1404 286 1590 330 invicem

228 387 285 415 cx
316 385 497 414 numero
529 367 788 411 histrionum
828 373 998 424 tempus
1032 380 1117 423 quo
1149 363 1337 421 primum
1378 362 1507 406 docta
1538 360 1594 402 sit

227 443 529 487 Prometheus.
569 438 574 443 ’
612 437 832 497 Equidem
897 436 1004 481 certi
1065 435 1229 496 aliquid
1290 440 1446 485 afferre
1508 449 1595 478 non

229 531 428 575 possum3
460 529 562 558 nam
594 511 647 556 de
668 518 865 570 tempore
896 511 1004 560 nihil
1027 517 1199 562 constat
1220 511 1304 555 nisi
1329 512 1594 569 conjectura,

194 598 200 603 '
229 594 278 631 ut
298 586 469 646 opinor,
492 584 688 645 argutior
717 599 846 643 quam
872 583 1016 628 verior
1041 583 1285 628 Hermanni
1307 593 1351 630 et
1376 583 1594 629 Sommer-

227 658 403 703 brodtii.
465 658 613 718 At'que
643 657 926 702 Hermannus
958 656 1020 700 sic
1049 664 1402 715 argumentatur:
1419 656 1460 715 ¹)
1495 654 1597 712 ‚‚Ol.

231 732 301 775 75.
334 731 362 775 2
410 730 517 775 arsit
561 729 709 775 Aetna
759 728 997 773 secundum
1044 745 1237 774 marmor
1287 729 1371 775 Ox.
1421 745 1489 789 ep.
1539 727 1595 772 53

228 820 272 847 v.
304 805 386 860 683
419 809 592 847 recente
614 802 755 846 adhuc
787 801 977 845 incendii
1006 801 1121 845 illius
1145 804 1354 847 memoria
1386 802 1595 860 scriptum

230 891 325 920 esse
342 875 654 920 Prometheum
675 874 900 931 Vinctum,
934 890 1121 933 arguere
1142 876 1316 920 videtur
1337 874 1594 920 vaticinium

228 964 280 992 ea
310 948 366 992 de
398 964 445 992 re
476 946 770 1001 Promethei.“
786 946 827 1005 2)

317 1019 436 1064 Num
476 1025 620 1063 autem
662 1035 716 1063 ex
756 1018 838 1063 isto
878 1018 1086 1063 vaticinio
1129 1026 1292 1064 certum
1333 1020 1419 1065 tale
1467 1035 1593 1076 argu-

229 1099 422 1137 mentum
462 1092 572 1137 sumi
609 1091 769 1152 possit,
810 1091 914 1135 mihi
954 1106 1042 1136 non
1082 1092 1143 1136 ita
1183 1093 1342 1153 liquet,
1385 1093 1449 1138 uti
1481 1092 1593 1137 Her-

230 1181 403 1210 manno.
475 1166 587 1210 Nam
634 1165 765 1208 etiam
812 1164 849 1209 si
896 1164 1225 1208 concedendum
1272 1166 1375 1222 erit,
1423 1172 1595 1225 poetam

230 1229 413 1282 Aetnae
443 1236 727 1281 admiratione
775 1228 977 1280 adactum
1017 1252 1112 1280 esse
1156 1237 1210 1281 ad
1252 1237 1364 1282 hanc
1403 1238 1596 1282 fabulam

230 1311 516 1366 scribendam,
548 1317 696 1354 tamen
728 1309 836 1353 nihil
867 1310 920 1353 de
952 1317 1148 1367 tempore
1179 1310 1274 1368 ipso
1307 1311 1415 1354 certi
1438 1326 1493 1353 ex
1514 1311 1596 1353 hac

230 1399 277 1428 re
326 1382 529 1428 concludi
575 1389 733 1442 potest.
797 1380 846 1426 Si
896 1382 1054 1426 Persas
1104 1383 1286 1442 septimo
1335 1398 1448 1427 anno
1499 1390 1598 1443 post

230 1457 457 1502 victoriam
481 1454 755 1500 Graecorum
789 1454 940 1498 doctos
964 1471 1057 1498 esse
1090 1463 1274 1511 constat,
1306 1471 1434 1500 nemo
1469 1456 1597 1499 certis

230 1531 497 1589 argumentis
530 1527 830 1572 demonstrare
863 1528 1045 1586 poterit,
1092 1535 1198 1587 quot
1236 1545 1375 1573 annos
1406 1536 1596 1588 praeter-

232 1601 334 1645 iisse
366 1617 476 1661 opus
508 1601 663 1657 fuerit,
698 1607 747 1645 ut
778 1600 886 1644 haec
918 1601 1065 1645 fabula
1098 1615 1220 1645 suam
1252 1601 1433 1646 haberet
1464 1608 1598 1645 matu-

229 1674 417 1717 ritatem.

320 1746 473 1790 Altera
513 1746 566 1790 de
608 1755 804 1805 tempore
847 1749 1097 1804 conjectura
1128 1746 1493 1791 Sommerbrodtii
1532 1748 1598 1789 his

229 1818 374 1863 verbis
418 1817 504 1861 dici
547 1824 709 1878 potest:
775 1816 1069 1879 „Sophoclem
1110 1820 1286 1864 tertium
1331 1826 1522 1864 actorem
1555 1820 1597 1864 in
1656 1844 1658 1847 <

230 1907 431 1934 scaenam
469 1891 728 1949 produxisse
772 1898 942 1935 constat
985 1900 1026 1935 et
1068 1892 1159 1936 sine
1200 1894 1288 1936 ulla
1329 1892 1599 1936 dubitatione

229 1979 318 2008 non
355 1963 476 2023 prius
520 1963 694 2023 publice
734 1971 914 2024 accepta
954 1975 1018 2008 est
1056 1965 1163 2009 haec
1204 1981 1319 2010 nova
1359 1981 1428 2008 res
1468 1981 1597 2025 quam

230 2036 470 2095 Sophocles
526 2054 731 2096 magnam
788 2038 1091 2082 auctoritatem
1149 2039 1460 2100 assequebatur
1497 2038 1525 2081 i.
1560 2059 1596 2087 e.

307 2165 339 2207 ¹)
365 2164 421 2199 De
447 2163 558 2200 choro
582 2164 774 2200 Eumenid.
802 2175 926 2209 opusc.
952 2165 999 2200 11.
1027 2177 1061 2209 p.
1090 2165 1168 2200 146.

306 2223 338 2267 2)
365 2222 615 2260 Bernhardius
652 2224 754 2260 nulla
790 2225 955 2261 adhibita
995 2235 1105 2260 causa
1141 2225 1179 2260 in
1215 2224 1369 2261 historia
1407 2224 1501 2260 liter.
1543 2236 1586 2270 gr

173 2333 176 2336 ἢ
231 2281 307 2326 (ed.
349 2282 463 2326 1845)
506 2294 580 2320 non
616 2288 702 2321 ante
742 2284 796 2321 Ol.
837 2285 894 2321 75.
937 2284 970 2321 2.
1033 2285 1289 2321 Prometheum
1330 2284 1473 2321 doctam
1517 2295 1597 2322 esse

230 2346 356 2379 conset
380 2354 416 2388 p.
443 2342 524 2379 759.

1321 2405 1344 2442 3
