1819 2930
728 133 1026 178 -27-

197 248 412 293 collocent
448 249 493 292 in
527 250 610 294 hac
641 251 790 295 fabula
833 257 877 296 et
918 251 1166 297 Oceanides
1207 259 1403 298 extrema
1443 261 1566 313 parte

196 321 495 380 anapiesmate
510 322 708 381 demergi
728 323 878 368 velint.
899 313 970 368 *Id
992 331 1136 369 autem
1155 331 1386 384 propterea
1403 326 1567 385 aliquid

197 393 451 437 offensionis
483 394 645 439 habere
678 393 783 438 mihi
815 395 1001 454 videtur,
1038 396 1156 455 quod
1189 397 1328 456 spatio
1360 404 1449 441 tam
1481 398 1567 441 late

196 472 347 524 aperto
381 466 489 525 opus
520 468 675 512 fuisset
706 467 762 512 ad
805 468 1121 527 demergendas
1163 469 1420 528 quindecim·
1455 469 1567 514 Oce-

196 537 360 594 anides‚
371 545 419 584 ut
435 543 715 597 nequaquam
733 556 758 583 a
774 545 918 584 terrae
927 541 1104 599 gurgite
1120 541 1284 585 hauriri
1299 541 1565 597 viderentur,

196 609 451 667 praesertim
486 626 582 654 cum
616 611 942 656 meminerimus
967 612 1236 658 orchestram
1271 614 1389 657 omni
1411 622 1567 658 ornatu

197 680 403 724 caruisse.

235 782 237 784 -
287 752 389 797 Non
422 753 515 797 sine
538 754 793 799 difficultate
816 755 970 800 disseri
991 763 1136 815 potest
1159 757 1212 801 de
1233 758 1429 802 discessu
1453 757 1565 802 Oce-

196 824 397 877 auidum,
439 840 494 868 ne
534 841 621 870 uno
668 826 841 885 quidem
882 842 1011 880 versu
1060 827 1178 872 dicto
1221 828 1564 888 abscedentium,

197 896 321 953 cujus
345 897 410 940 rei
430 898 596 941 nullum
617 905 790 956 praeter
810 900 924 944 hanc
945 901 1138 943 fabulam
1160 902 1406 960 exemplum
1430 909 1563 945 extat.

290 965 378 1012 Sed
409 968 594 1013 fortasse
626 969 710 1014 hoc
741 970 837 1030 ipso
871 970 1042 1016 silentio
1070 972 1320 1032 Aeschylus
1352 979 1564 1018 terrorem

196 1056 360 1098 augere
406 1043 567 1100 potuit,
612 1043 647 1087 si
688 1044 866 1099 chorus,
916 1046 1118 1103 neglecto
1161 1046 1381 1090 communi
1428 1063 1562 1102 more,

116 1127 126 1137 ·
195 1128 276 1172 per
323 1113 590 1158 orchestram
629 1114 715 1158 huc
763 1114 868 1159 illuc
915 1116 1008 1159 sine
1055 1117 1143 1159 ulla
1186 1117 1401 1161 cantilena
1434 1118 1563 1162 anxie

197 1185 360 1230 saltans
391 1187 463 1230 vel
492 1186 728 1231 decurrens
761 1187 804 1230 in
828 1204 1029 1232 scaenam
1053 1195 1153 1247 post
1182 1191 1369 1248 parietes
1401 1191 1563 1250 passim

196 1257 398 1313 abcessit,
434 1274 534 1301 cum
563 1257 850 1302 Prometheus
882 1258 975 1318 ipse
1009 1276 1107 1303 cum
1140 1276 1246 1304 saxo
1290 1262 1369 1305 sub
1403 1269 1564 1306 terram

194 1328 222 1370 i.
257 1343 293 1372 e.
328 1329 504 1387 logeum
536 1329 854 1388 deprimeretur
884 1331 1193 1389 anapiesmate.
1233 1356 1235 1360 ·
