1819 2930
727 124 1030 167 -14-

281 238 462 284 Etenim
494 240 658 300 optime
691 239 747 286 O.
780 240 1022 288 Muellerus
1041 246 1083 298 1)
1115 251 1160 289 et
1182 245 1258 303 qui
1281 261 1382 291 eum
1426 241 1576 295 laudat

116 306 119 309 ⁴
190 310 390 370 Pau1y2)
432 311 649 370 imagines
692 314 915 373 ectypicas
957 315 1247 375 (haut-relief)
1303 316 1575 365 Graecorum

191 400 291 427 cum
331 384 493 429 theatri
532 385 733 444 personis
775 388 1065 445 conferentes,
1107 396 1155 434 ut
1194 389 1239 432 in
1278 389 1364 434 illis
1405 393 1575 452 ectypis

191 457 339 500 omnia
365 457 495 501 certis
520 457 797 502 lineamentis
815 459 995 505 definita
1019 461 1106 505 sint
1126 468 1175 505 ut
1197 462 1334 507 altera
1358 462 1414 506 ab
1438 463 1574 509 altera

189 527 331 586 figura
364 527 529 584 obdita,
564 529 628 574 sic
660 530 707 574 in
739 529 909 575 theatro
952 548 1129 592 quoque
1172 533 1304 579 aliam
1342 550 1573 594 personam

191 614 329 658 prope
369 600 501 645 aliam
551 609 595 645 et
642 603 876 646 incessisse
918 611 964 647 et
1005 605 1252 649 constitisse
1292 613 1572 653 monuerunt.

281 670 533 717 Oceanides
567 673 611 717 in
639 690 773 735 rupes
795 690 932 734 prope
954 675 1571 725 Prometheum'descendisse

189 743 341 801 ibique
364 745 579 790 mansisse
600 763 681 806 per
702 754 840 791 totam
873 749 1067 792 fabulam
1099 749 1166 792 his
1190 750 1282 794 fere
1303 752 1571 808 argumentis

187 819 378 874 probare
410 811 604 876 potuerit
626 819 866 878 quispiam:
898 819 1068 865 Chorus
1109 822 1145 865 si
1177 822 1222 865 in
1256 823 1386 882 logeo
1419 830 1495 867 aut
1525 825 1571 867 in

188 887 412 933 orchestra
442 890 611 946 fuisset,
658 892 812 948 majori
854 893 995 951 spatio
1036 910 1063 937 a
1096 895 1252 938 ceteris
1285 895 1570 941 histrionibus

187 966 382 1004 semotus
415 968 529 1005 esset
567 978 710 1021 neque
742 963 841 1007 fieri
880 964 1108 1023 potuisset,
1150 974 1199 1010 ut
1241 967 1296 1022 ei,
1342 968 1397 1010 ad
1438 983 1569 1026 quem

187 1033 508 1078 consolandum
541 1042 736 1088 venerat,
771 1051 903 1095 quam
942 1038 1145 1096 proxime
1178 1039 1567 1099 appropinquaret.

184 1104 289 1146 Alia
321 1121 456 1162 porro
489 1106 723 1150 difficultas
758 1114 801 1150 et
835 1109 991 1152 eadem
1018 1110 1285 1167 gravissima
1316 1111 1499 1164 tollitur,
1532 1112 1568 1154 si

184 1175 345 1220 chorus
391 1192 481 1221 non
527 1178 573 1221 in
627 1178 854 1224 orchestra
901 1180 977 1225 sed
1027 1181 1223 1226 sublimis
1275 1183 1478 1243 apparuit
1525 1190 1569 1228 et

181 1249 356 1291 mansit.
410 1250 556 1294 Versu
589 1252 704 1295 enim
741 1254 856 1297 1061
882 1269 978 1311 sqq.
1013 1253 1201 1298 Hermes
1231 1255 1413 1299 chorum
1446 1256 1567 1300 abire

175 1321 303 1377 jubet
336 1328 572 1381 antequam
605 1340 737 1383 rupes
781 1341 880 1368 cum
912 1326 1176 1370 Prometheo
1210 1317 1487 1387 corruant‚³)
1521 1329 1566 1372 id

130 1421 133 1424 -
181 1392 299 1450 quod
331 1394 478 1438 facere
513 1395 672 1439 chorus
705 1397 920 1455 repudiat.
940 1402 983 1451 ⁴¹)

273 1464 430 1525 Rupes
490 1474 635 1512 autem
699 1485 797 1513 cum
857 1472 1225 1516 contremuissent
1283 1471 1563 1531 Hermesque

180 1537 325 1581 subito
380 1554 403 1581 e
459 1547 701 1598 conspectu
754 1541 949 1597 abiisset,
1003 1543 1294 1589 Prometheus
1347 1544 1466 1589 solus
1517 1546 1563 1589 in

179 1624 339 1653 scaena
361 1610 639 1669 relinquitur,
673 1613 777 1672 quia
808 1614 903 1673 ipse
936 1616 1054 1659 solus
1086 1618 1225 1662 verba
1255 1619 1374 1666 facit.
1430 1620 1562 1665 Certe

180 1675 313 1726 etiam
347 1682 506 1727 chorus
538 1699 628 1727 non
653 1685 749 1743 jam
782 1685 955 1744 aderat3
1000 1688 1195 1748 alioquin
1229 1692 1351 1736 chori
1392 1692 1558 1748 fuisset,

179 1752 350 1797 animos
380 1769 532 1800 eorum
555 1756 631 1815 qui
653 1758 915 1817 spectabant
946 1759 1002 1803 ad
1024 1766 1167 1806 terrae
1191 1762 1388 1823 caelique
1415 1771 1560 1809 motus

179 1824 437 1883 advertere3
470 1829 589 1886 quod
622 1831 725 1887 quia
757 1847 847 1875 non
879 1832 998 1887 fecit,
1032 1848 1120 1876 non
1149 1835 1241 1891 jam
1274 1836 1437 1881 aderat.

270 1895 464 1942 Chorum
498 1900 616 1944 enim
649 1909 848 1947 extrema
879 1904 1135 1962 tragoediae
1169 1908 1304 1952 verba
1335 1909 1483 1953 facere
1514 1909 1560 1953 in

176 1970 381 2014 omnibus
414 1987 527 2029 quae
560 1979 730 2017 restant
750 1976 964 2033 Aeschyli
996 1977 1157 2021 fabulis
1187 1979 1386 2024 videmus
1416 1996 1559 2038 neque

254 2104 286 2146 ¹)
315 2102 459 2141 Griech.
486 2103 641 2141 Literat.
669 2106 802 2144 Gesch.
831 2108 878 2145 ΙΙ.
904 2121 940 2155 p.
968 2108 1126 2147 48-49.

251 2163 284 2206 ²)
311 2162 721 2212 Real-Encyclopaedie
748 2166 813 2203 VI.
841 2167 874 2204 2.
901 2179 937 2215 p.
965 2168 1071 2206 1765.
1100 2181 1126 2207 s.
1156 2182 1187 2207 v.
1215 2171 1412 2209 theatrum.

250 2224 284 2268 ⁸)
312 2219 400 2259 ἀλλ’
425 2217 480 2260 οὖν
505 2219 601 2273 ὖμεῖς
626 2223 695 2273 γάἱ
721 2227 927 2274 πημοσύναις
952 2228 1201 2279 συγκάμνουσαι
1233 2236 1307 2274 ταῖς
1332 2229 1427 2270 τοῦδε
1452 2232 1559 2271 τόπων

173 2276 259 2330 perol
285 2297 345 2317 που
370 2289 515 2333 χωρεῖτε
542 2287 573 2320 ἐκ
600 2284 698 2322 τῶνδε
725 2286 815 2329 θοός
841 2302 870 2324 κ.
899 2303 928 2325 τ.
956 2290 982 2325 ἓ.

247 2343 281 2388 ⁴)
307 2354 339 2379 v.
368 2343 625 2382 1067-1074.
