1819 2930
769 141 1069 187 .—-36—-

226 261 550 322 protagonistes
592 268 759 317 autem,
809 269 1040 323 postquam
1081 262 1125 306 in
1159 277 1317 307 scaena
1355 261 1598 321 Hephaesti

226 341 371 394 partes
406 335 511 394 egit,
546 336 626 379 sub
659 331 796 393 σκευὴν
829 335 926 395 rupi
959 334 1134 380 affixam
1167 334 1385 394 subrepsit
1417 340 1460 378 et
1490 334 1596 380 Pro-

222 407 388 451 methei
410 408 546 451 verba
578 423 655 466 per
687 414 824 452 totam
849 408 1005 452 deinde
1038 408 1230 452 fabulam
1261 407 1378 452 fecit.
1434 406 1599 454 Contra

225 480 338 524 hanc
379 479 728 524 distributionem
768 480 852 524 duo
893 480 999 524 mihi
1040 487 1208 524 tantum
1248 486 1507 539 argumenta
1537 481 1597 525 vi-

225 553 383 597 dentur
422 552 554 596 allata
602 568 696 596 esse
743 552 876 611 digna
917 568 1029 611 quae
1068 553 1354 597 refellantur.'
1379 552 1599 615 ‚Alterum

226 631 532 684 argumentum
556 632 623 669 est
645 624 933 679 Lachmanni‚
973 626 1155 670 alterum
1179 625 1391 682 Richteri,
1415 641 1599 685 quorum

225 704 409 755 uterque
450 698 495 740 in
534 697 797 742 Prometheo
844 698 1019 741 tertium
1067 705 1261 742 actorem
1308 698 1353 741 in
1397 714 1599 742 scaenam

225 770 440 829 prodiisse
479 771 585 813 vult.
650 771 709 813 Et
747 770 1056 814 Lachmannus
1097 770 1273 829 quidem
1313 770 1358 813 in
1397 770 1481 813 illis
1523 786 1600 814 sex

225 842 431 893 versibus*
468 839 648 898 Κράτους
684 841 902 900 (82-87)
944 859 1031 886 non
1073 843 1177 887 satis
1219 842 1427 901 temporis
1449 842 1600 903 'fuisse

227 922 376 960 censet
408 914 609 958 Vulcano
649 915 703 958 ad
737 914 1049 973 egrediendum
1091 921 1134 958 et
1165 914 1487 974 subrependum
1521 916 1600 959 sub

227 988 524 1032 simulacrum.
559 1013 615 1018 ——-
648 987 777 1031 Certe
810 1003 898 1030 non
931 987 991 1030 ita
1024 988 1208 1031 multum
1239 987 1447 1046 temporis
1479 1004 1598 1047 prae-

226 1061 364 1105 bitum
398 1076 493 1105 esse
527 1060 735 1116 concedo,
770 1060 845 1104 sed
879 1060 982 1104 satis
1014 1060 1069 1104 ad
1091 1060 1249 1104 decore
1272 1059 1598 1119 egrediendum,

226 1133 259 1177 si
295 1132 635 1188 meminerimus,
675 1133 914 1176 mutatione
946 1132 1132 1176 vestium
1165 1148 1254 1176 non
1277 1148 1383 1192 opus
1418 1148 1513 1177 esse
1546 1133 1600 1189 ei,

226 1221 357 1264 quem
391 1201 510 1263 σκευὴ
550 1212 616 1249 est
647 1206 775 1264 plane
798 1206 1134 1250 circumdatura.
1155 1231 1210 1237 «-
1226 1205 1383 1251 Restat
1402 1205 1601 1250 Richteri

226 1278 507 1336 sententia.¹)
573 1278 917 1336 Tritagonistam
958 1279 1031 1322 ille
1064 1278 1130 1322 vir
1160 1275 1452 1323 doctissimue
1471 1278 1602 1323 sumit

226 1350 329 1409 quia
378 1365 466 1393 non
509 1350 603 1393 sine
651 1350 912 1409 indignitate
954 1351 1200 1402 Vulcanum
1248 1357 1348 1394 ante
1396 1350 1537 1394 socios
1579 1366 1602 1393 e

224 1423 353 1481 logeo
377 1422 499 1466 abire
532 1429 680 1466 censet
702 1429 745 1465 et
766 1423 1005 1481 Aeschylo,
1039 1439 1137 1466 cum
1169 1423 1281 1466 hanc
1303 1422 1602 1467 difficultatem

225 1502 316 1537 tam
343 1495 472 1538 facile
505 1494 644 1538 vitare
677 1495 903 1553 potuisset,
937 1495 973 1538 si
999 1495 1154 1539 Robur
1184 1495 1361 1539 fecisset
1391 1490 1601 1551 πρόσωπεν

224 1563 372 1622 κωφόν,
408 1574 527 1611 certe
559 1574 648 1611 tres
681 1574 852 1611 actores
884 1575 1058 1627 praesto
1091 1568 1225 1612 fuisse
1255 1567 1355 1613 inde
1377 1583 1601 1627 apparere,

225 1639 341 1698 quod
376 1639 659 1683 nihilominus
691 1640 844 1683 fecerit
874 1640 1028 1685 Robur
1059 1641 1254 1700 loquens.

317 1711 529 1756 Libenter
562 1713 757 1756 concedo
791 1713 927 1757 multa
949 1713 993 1757 in
1015 1720 1246 1772 utramque
1267 1720 1436 1773 partem
1459 1713 1602 1773 dispu-

223 1786 308 1829 tari
356 1801 485 1844 posse
533 1785 587 1828 de
634 1785 716 1829 hac
756 1802 815 1829 re.
888 1785 1073 1839 Qualem
1113 1793 1257 1830 autem
1303 1786 1601 1831 difficultatem

223 1857 379 1903 Robur
420 1858 674 1916 colloquens
716 1865 760 1901 et
796 1858 1075 1917 Hephaestus
1117 1866 1218 1902 ante
1257 1857 1411 1902 Robur
1450 1858 1602 1903 abiens

223 1930 448 1989 Aeschylo
481 1929 776 1988 praebuerint,
811 1946 898 1974 non
926 1930 1069 1974 video.
1121 1930 1224 1975 Jam
1257 1930 1358 1975 inde
1390 1931 1445 1976 ab
1477 1930 1601 1975 initio
1658 1961 1661 1964 ι

302 2135 334 2177 ¹)
360 2134 383 2169 l.
412 2145 443 2169 c.
471 2147 506 2179 p.
533 2135 591 2170 20.
645 2135 767 2178 „Aber
801 2135 866 2171 hat
900 2136 995 2171 deun
1022 2136 1255 2182 Hephaestus
1282 2136 1340 2172 die
1365 2136 1495 2173 Biihne
1520 2145 1600 2171 ver-

223 2195 365 2238 mesen,
405 2195 472 2230 ehe
505 2194 606 2230 seine
633 2194 837 2231 Gefahrten
863 2195 1064 2242 abgingen,
1099 2196 1165 2233 hat
1199 2207 1240 2233 er
1272 2196 1325 2233 sie
1359 2195 1602 2233 schicklicher

222 2254 347 2291 Weise
375 2254 463 2291 eher
480 2255 666 2292 vei-lassen
684 2255 857 2292 konnen?
873 2277 917 2281 —
936 2257 1121 2294 Brauchte
1140 2257 1246 2301 deun,
1273 2266 1378 2293 wenn
1396 2256 1601 2304 Aeschylus

222 2327 293 2352 nur
318 2316 409 2352 zwei
435 2316 695 2364 Schauspieler
719 2316 840 2353 haben
865 2317 1004 2354 konnte
1031 2318 1120 2354 oder
1144 2317 1284 2362 wollte‚
1320 2317 1379 2354 die
1404 2317 1511 2355 Rolle
1537 2316 1601 2354 des

224 2376 361 2413 Kratos
388 2375 526 2413 redend
552 2376 764 2423 eingefiihrt
788 2389 835 2413 zu
862 2377 966 2414 sein?
