<?xml version="1.0" encoding="UTF-8"?>
<!DOCTYPE html PUBLIC "-//W3C//DTD XHTML 1.0 Transitional//EN"
    "http://www.w3.org/TR/xhtml1/DTD/xhtml1-transitional.dtd">
<html xmlns="http://www.w3.org/1999/xhtml" xml:lang="en" lang="en">
 <head>
  <title>
</title>
<meta http-equiv="Content-Type" content="text/html;charset=utf-8" />
  <meta name='ocr-system' content='tesseract 3.04.00' />
  <meta name='ocr-capabilities' content='ocr_page ocr_carea ocr_par ocr_line ocrx_word'/>
</head>
<body>
  <div class='ocr_page' id='page_1' title='image "4737181_0010.png"; bbox 0 0 1819 2930; ppageno 0'>
   <div class='ocr_carea' id='block_1_1' title="bbox 790 131 1064 178">
    <p class='ocr_par' dir='ltr' id='par_1_1' title="bbox 790 131 1064 178">
     <span class='ocr_line' id='line_1_1' title="bbox 790 131 1064 178; baseline 0 -12"><span class='ocrx_word' id='word_1_1' title='bbox 790 131 1064 178; x_wconf 76' lang='lat'>..4-</span> 
     </span>
    </p>
   </div>
   <div class='ocr_carea' id='block_1_2' title="bbox 236 247 1651 1656">
    <p class='ocr_par' dir='ltr' id='par_1_2' title="bbox 236 247 1651 1656">
     <span class='ocr_line' id='line_1_2' title="bbox 240 247 1621 311; baseline 0.003 -16"><span class='ocrx_word' id='word_1_2' title='bbox 240 250 395 307; x_wconf 79' lang='grc' dir='ltr'><em>πρῶτον</em></span> <span class='ocrx_word' id='word_1_3' title='bbox 440 247 595 309; x_wconf 68' lang='grc' dir='ltr'><em>ἀγαγεῖν</em></span> <span class='ocrx_word' id='word_1_4' title='bbox 637 251 889 311; x_wconf 86' lang='lat' dir='ltr'><strong>praedicat,</strong></span> <span class='ocrx_word' id='word_1_5' title='bbox 938 249 1005 296; x_wconf 77' lang='grc' dir='ltr'><strong>καὶ</strong></span> <span class='ocrx_word' id='word_1_6' title='bbox 1036 248 1089 296; x_wconf 76' lang='grc' dir='ltr'><strong>τοὶ</strong></span> <span class='ocrx_word' id='word_1_7' title='bbox 1121 251 1193 296; x_wconf 82' lang='grc' dir='ltr'><strong>τ’ὂυ</strong></span> <span class='ocrx_word' id='word_1_8' title='bbox 1230 251 1356 310; x_wconf 70' lang='grc' dir='ltr'>χορῧυ</span> <span class='ocrx_word' id='word_1_9' title='bbox 1396 252 1621 299; x_wconf 74' lang='grc' dir='ltr'>ἐλαττῶσαι</span> 
     </span>
     <span class='ocr_line' id='line_1_3' title="bbox 236 345 1621 409; baseline 0.001 -17"><span class='ocrx_word' id='word_1_10' title='bbox 236 346 307 392; x_wconf 74' lang='grc' dir='ltr'><strong>καὶ</strong></span> <span class='ocrx_word' id='word_1_11' title='bbox 339 345 406 393; x_wconf 69' lang='grc' dir='ltr'><strong>τὸν</strong></span> <span class='ocrx_word' id='word_1_12' title='bbox 427 346 542 405; x_wconf 79' lang='grc' dir='ltr'>λόγον</span> <span class='ocrx_word' id='word_1_13' title='bbox 564 346 895 407; x_wconf 81' lang='grc' dir='ltr'>πρωταγωνιστὴν</span> <span class='ocrx_word' id='word_1_14' title='bbox 919 347 1240 405; x_wconf 75' lang='grc' dir='ltr'>παρασκευάσαι.</span> <span class='ocrx_word' id='word_1_15' title='bbox 1274 350 1433 409; x_wconf 85' lang='lat' dir='ltr'><strong>Itaque</strong></span> <span class='ocrx_word' id='word_1_16' title='bbox 1455 351 1621 394; x_wconf 81' lang='lat' dir='ltr'><strong>factum</strong></span> 
     </span>
     <span class='ocr_line' id='line_1_4' title="bbox 242 434 1622 505; baseline 0.001 -17"><span class='ocrx_word' id='word_1_17' title='bbox 242 451 321 500; x_wconf 84' lang='lat' dir='ltr'><strong>est,</strong></span> <span class='ocrx_word' id='word_1_18' title='bbox 355 451 404 488; x_wconf 89' lang='lat' dir='ltr'><strong>ut</strong></span> <span class='ocrx_word' id='word_1_19' title='bbox 434 445 610 490; x_wconf 86' lang='lat' dir='ltr'><strong>fabulae</strong></span> <span class='ocrx_word' id='word_1_20' title='bbox 634 444 846 504; x_wconf 80' lang='lat' dir='ltr'><strong>Aeschyli</strong></span> <span class='ocrx_word' id='word_1_21' title='bbox 872 446 963 503; x_wconf 86' lang='lat' dir='ltr'><strong>jam</strong></span> <span class='ocrx_word' id='word_1_22' title='bbox 997 446 1156 490; x_wconf 89' lang='lat' dir='ltr'><strong>mortui</strong></span> <span class='ocrx_word' id='word_1_23' title='bbox 1188 446 1346 491; x_wconf 86' lang='lat' dir='ltr'><strong>iterum</strong></span> <span class='ocrx_word' id='word_1_24' title='bbox 1375 462 1425 490; x_wconf 87' lang='lat' dir='ltr'><strong>ac</strong></span> <span class='ocrx_word' id='word_1_25' title='bbox 1449 434 1622 505; x_wconf 79' lang='lat' dir='ltr'><strong>saepius</strong></span> 
     </span>
     <span class='ocr_line' id='line_1_5' title="bbox 241 540 1624 602; baseline 0.003 -19"><span class='ocrx_word' id='word_1_26' title='bbox 241 540 506 584; x_wconf 80' lang='lat' dir='ltr'>docerentur</span> <span class='ocrx_word' id='word_1_27' title='bbox 523 540 563 598; x_wconf 91' lang='lat'><strong>¹)</strong></span> <span class='ocrx_word' id='word_1_28' title='bbox 598 547 642 584; x_wconf 90' lang='lat' dir='ltr'><strong>et</strong></span> <span class='ocrx_word' id='word_1_29' title='bbox 680 540 974 585; x_wconf 80' lang='lat' dir='ltr'><strong>Athenienses</strong></span> <span class='ocrx_word' id='word_1_30' title='bbox 1016 557 1116 586; x_wconf 89' lang='lat' dir='ltr'><strong>eum</strong></span> <span class='ocrx_word' id='word_1_31' title='bbox 1157 549 1325 602; x_wconf 88' lang='lat' dir='ltr'><strong>patrem</strong></span> <span class='ocrx_word' id='word_1_32' title='bbox 1368 541 1624 600; x_wconf 81' lang='lat' dir='ltr'><strong>tragoediae</strong></span> 
     </span>
     <span class='ocr_line' id='line_1_6' title="bbox 242 616 1624 705; baseline 0.001 -24"><span class='ocrx_word' id='word_1_33' title='bbox 242 638 530 697; x_wconf 82' lang='lat' dir='ltr'><strong>appellarent·</strong></span> <span class='ocrx_word' id='word_1_34' title='bbox 599 636 757 697; x_wconf 87' lang='lat' dir='ltr'><strong>Neque</strong></span> <span class='ocrx_word' id='word_1_35' title='bbox 807 616 965 705; x_wconf 75' lang='lat' dir='ltr'><strong>desunt</strong></span> <span class='ocrx_word' id='word_1_36' title='bbox 1012 653 1129 682; x_wconf 90' lang='lat' dir='ltr'><strong>nunc</strong></span> <span class='ocrx_word' id='word_1_37' title='bbox 1177 654 1353 698; x_wconf 89' lang='lat' dir='ltr'><strong>quoque</strong></span> <span class='ocrx_word' id='word_1_38' title='bbox 1401 638 1475 697; x_wconf 92' lang='lat' dir='ltr'><strong>qui</strong></span> <span class='ocrx_word' id='word_1_39' title='bbox 1525 654 1624 683; x_wconf 89' lang='lat' dir='ltr'><strong>eum</strong></span> 
     </span>
     <span class='ocr_line' id='line_1_7' title="bbox 243 733 1624 793; baseline 0.001 -16"><span class='ocrx_word' id='word_1_40' title='bbox 243 750 343 779; x_wconf 89' lang='lat' dir='ltr'><strong>cum</strong></span> <span class='ocrx_word' id='word_1_41' title='bbox 385 733 588 778; x_wconf 84' lang='lat' dir='ltr'><strong>maximis</strong></span> <span class='ocrx_word' id='word_1_42' title='bbox 631 734 827 778; x_wconf 88' lang='lat' dir='ltr'><strong>omnium</strong></span> <span class='ocrx_word' id='word_1_43' title='bbox 868 740 1114 793; x_wconf 89' lang='lat' dir='ltr'><strong>temporum</strong></span> <span class='ocrx_word' id='word_1_44' title='bbox 1154 733 1294 793; x_wconf 85' lang='lat' dir='ltr'><strong>poetis</strong></span> <span class='ocrx_word' id='word_1_45' title='bbox 1336 734 1494 778; x_wconf 88' lang='lat' dir='ltr'><strong>eodem</strong></span> <span class='ocrx_word' id='word_1_46' title='bbox 1526 735 1624 778; x_wconf 85' lang='lat' dir='ltr'><strong>loco</strong></span> 
     </span>
     <span class='ocr_line' id='line_1_8' title="bbox 243 828 1626 889; baseline 0.001 -17"><span class='ocrx_word' id='word_1_47' title='bbox 243 829 436 874; x_wconf 84' lang='lat' dir='ltr'><strong>habeant</strong></span> <span class='ocrx_word' id='word_1_48' title='bbox 491 835 622 888; x_wconf 90' lang='lat' dir='ltr'><strong>atque</strong></span> <span class='ocrx_word' id='word_1_49' title='bbox 679 845 763 887; x_wconf 88' lang='lat' dir='ltr'><strong>ego</strong></span> <span class='ocrx_word' id='word_1_50' title='bbox 810 835 1045 888; x_wconf 79' lang='lat' dir='ltr'><strong>postquam</strong></span> <span class='ocrx_word' id='word_1_51' title='bbox 1091 829 1305 889; x_wconf 80' lang='lat' dir='ltr'><strong>Aeschyli</strong></span> <span class='ocrx_word' id='word_1_52' title='bbox 1353 828 1498 873; x_wconf 91' lang='lat' dir='ltr'><strong>studio</strong></span> <span class='ocrx_word' id='word_1_53' title='bbox 1546 845 1626 889; x_wconf 88' lang='lat' dir='ltr'><strong>per</strong></span> 
     </span>
     <span class='ocr_line' id='line_1_9' title="bbox 246 924 1625 984; baseline 0 -16"><span class='ocrx_word' id='word_1_54' title='bbox 246 925 433 969; x_wconf 91' lang='lat' dir='ltr'><strong>multum</strong></span> <span class='ocrx_word' id='word_1_55' title='bbox 472 931 644 984; x_wconf 83' lang='lat' dir='ltr'><strong>tempus</strong></span> <span class='ocrx_word' id='word_1_56' title='bbox 683 940 772 968; x_wconf 89' lang='lat' dir='ltr'><strong>non</strong></span> <span class='ocrx_word' id='word_1_57' title='bbox 815 924 909 969; x_wconf 87' lang='lat' dir='ltr'><strong>sine</strong></span> <span class='ocrx_word' id='word_1_58' title='bbox 947 939 1117 968; x_wconf 86' lang='lat' dir='ltr'><strong>summa</strong></span> <span class='ocrx_word' id='word_1_59' title='bbox 1148 924 1375 983; x_wconf 88' lang='lat' dir='ltr'><strong>voluptate</strong></span> <span class='ocrx_word' id='word_1_60' title='bbox 1406 940 1478 968; x_wconf 92' lang='lat' dir='ltr'><strong>me</strong></span> <span class='ocrx_word' id='word_1_61' title='bbox 1509 924 1625 981; x_wconf 89' lang='lat' dir='ltr'><strong>dedi,</strong></span> 
     </span>
     <span class='ocr_line' id='line_1_10' title="bbox 244 1019 1627 1080; baseline 0 -15"><span class='ocrx_word' id='word_1_62' title='bbox 244 1020 459 1080; x_wconf 82' lang='lat' dir='ltr'><strong>imprimis</strong></span> <span class='ocrx_word' id='word_1_63' title='bbox 489 1019 803 1065; x_wconf 88' lang='lat' dir='ltr'><strong>Prometheum</strong></span> <span class='ocrx_word' id='word_1_64' title='bbox 835 1019 1134 1079; x_wconf 83' lang='lat' dir='ltr'><strong>Aeschyleam</strong></span> <span class='ocrx_word' id='word_1_65' title='bbox 1167 1019 1299 1078; x_wconf 88' lang='lat' dir='ltr'><strong>elegi,</strong></span> <span class='ocrx_word' id='word_1_66' title='bbox 1334 1019 1388 1063; x_wconf 92' lang='lat' dir='ltr'><strong>de</strong></span> <span class='ocrx_word' id='word_1_67' title='bbox 1421 1020 1548 1079; x_wconf 83' lang='lat' dir='ltr'><strong>eujus</strong></span> <span class='ocrx_word' id='word_1_68' title='bbox 1578 1036 1627 1065; x_wconf 89' lang='lat' dir='ltr'><strong>re</strong></span> 
     </span>
     <span class='ocr_line' id='line_1_11' title="bbox 246 1114 1625 1176; baseline -0.001 -15"><span class='ocrx_word' id='word_1_69' title='bbox 246 1117 449 1162; x_wconf 79' lang='lat' dir='ltr'><strong>scaenica</strong></span> <span class='ocrx_word' id='word_1_70' title='bbox 480 1132 597 1161; x_wconf 87' lang='lat' dir='ltr'><strong>nune</strong></span> <span class='ocrx_word' id='word_1_71' title='bbox 631 1115 737 1174; x_wconf 93' lang='lat' dir='ltr'><strong>quid</strong></span> <span class='ocrx_word' id='word_1_72' title='bbox 769 1115 854 1158; x_wconf 88' lang='lat' dir='ltr'><strong>viri</strong></span> <span class='ocrx_word' id='word_1_73' title='bbox 886 1115 1004 1158; x_wconf 88' lang='lat' dir='ltr'><strong>docti</strong></span> <span class='ocrx_word' id='word_1_74' title='bbox 1037 1114 1229 1161; x_wconf 83' lang='lat' dir='ltr'><strong>dixerint</strong></span> <span class='ocrx_word' id='word_1_75' title='bbox 1261 1116 1496 1176; x_wconf 86' lang='lat' dir='ltr'><strong>diligenter</strong></span> <span class='ocrx_word' id='word_1_76' title='bbox 1527 1131 1625 1175; x_wconf 89' lang='lat' dir='ltr'><strong>per-</strong></span> 
     </span>
     <span class='ocr_line' id='line_1_12' title="bbox 247 1212 1627 1273; baseline -0.002 -15"><span class='ocrx_word' id='word_1_77' title='bbox 247 1220 489 1270; x_wconf 79' lang='lat' dir='ltr'><strong>scrutatus,</strong></span> <span class='ocrx_word' id='word_1_78' title='bbox 533 1212 696 1273; x_wconf 89' lang='lat' dir='ltr'><strong>optime</strong></span> <span class='ocrx_word' id='word_1_79' title='bbox 736 1218 911 1270; x_wconf 87' lang='lat' dir='ltr'><strong>gratum</strong></span> <span class='ocrx_word' id='word_1_80' title='bbox 943 1228 1092 1255; x_wconf 92' lang='lat' dir='ltr'><strong>meum</strong></span> <span class='ocrx_word' id='word_1_81' title='bbox 1125 1212 1318 1257; x_wconf 84' lang='lat' dir='ltr'><strong>animum</strong></span> <span class='ocrx_word' id='word_1_82' title='bbox 1351 1218 1506 1271; x_wconf 78' lang='lat' dir='ltr'><strong>poe&#39;tae</strong></span> <span class='ocrx_word' id='word_1_83' title='bbox 1537 1228 1627 1257; x_wconf 87' lang='lat' dir='ltr'><strong>ma—</strong></span> 
     </span>
     <span class='ocr_line' id='line_1_13' title="bbox 246 1306 1629 1370; baseline -0.002 -14"><span class='ocrx_word' id='word_1_84' title='bbox 246 1310 376 1357; x_wconf 88' lang='lat' dir='ltr'><strong>nibus</strong></span> <span class='ocrx_word' id='word_1_85' title='bbox 408 1315 632 1370; x_wconf 85' lang='lat' dir='ltr'><strong>praestare</strong></span> <span class='ocrx_word' id='word_1_86' title='bbox 664 1324 735 1353; x_wconf 91' lang='lat' dir='ltr'><strong>me</strong></span> <span class='ocrx_word' id='word_1_87' title='bbox 767 1314 888 1368; x_wconf 89' lang='lat' dir='ltr'><strong>put0.</strong></span> <span class='ocrx_word' id='word_1_88' title='bbox 952 1306 1071 1353; x_wconf 85' lang='lat' dir='ltr'><strong>Nam</strong></span> <span class='ocrx_word' id='word_1_89' title='bbox 1111 1306 1282 1353; x_wconf 83' lang='lat' dir='ltr'><strong>etiamsi</strong></span> <span class='ocrx_word' id='word_1_90' title='bbox 1314 1324 1403 1352; x_wconf 89' lang='lat' dir='ltr'><strong>non</strong></span> <span class='ocrx_word' id='word_1_91' title='bbox 1434 1324 1553 1354; x_wconf 85' lang='lat' dir='ltr'><strong>nova</strong></span> <span class='ocrx_word' id='word_1_92' title='bbox 1585 1315 1629 1362; x_wconf 85' lang='lat' dir='ltr'><strong>et</strong></span> 
     </span>
     <span class='ocr_line' id='line_1_14' title="bbox 247 1405 1626 1466; baseline -0.002 -14"><span class='ocrx_word' id='word_1_93' title='bbox 247 1406 444 1466; x_wconf 83' lang='lat' dir='ltr'><strong>inaudita</strong></span> <span class='ocrx_word' id='word_1_94' title='bbox 476 1406 531 1450; x_wconf 88' lang='lat' dir='ltr'><strong>de</strong></span> <span class='ocrx_word' id='word_1_95' title='bbox 563 1405 632 1449; x_wconf 79' lang='lat' dir='ltr'><strong>his</strong></span> <span class='ocrx_word' id='word_1_96' title='bbox 663 1406 794 1449; x_wconf 86' lang='lat' dir='ltr'><strong>rebus</strong></span> <span class='ocrx_word' id='word_1_97' title='bbox 829 1405 1030 1460; x_wconf 82' lang='lat' dir='ltr'><strong>afferam,</strong></span> <span class='ocrx_word' id='word_1_98' title='bbox 1064 1411 1214 1449; x_wconf 86' lang='lat' dir='ltr'><strong>tamen</strong></span> <span class='ocrx_word' id='word_1_99' title='bbox 1246 1405 1453 1462; x_wconf 83' lang='lat' dir='ltr'><strong>aequales</strong></span> <span class='ocrx_word' id='word_1_100' title='bbox 1486 1412 1530 1449; x_wconf 89' lang='lat' dir='ltr'><strong>et</strong></span> <span class='ocrx_word' id='word_1_101' title='bbox 1562 1421 1626 1450; x_wconf 81' lang='lat' dir='ltr'><strong>so-</strong></span> 
     </span>
     <span class='ocr_line' id='line_1_15' title="bbox 249 1500 1627 1557; baseline -0.003 -9"><span class='ocrx_word' id='word_1_102' title='bbox 249 1504 370 1548; x_wconf 82' lang='lat' dir='ltr'><strong>dales</strong></span> <span class='ocrx_word' id='word_1_103' title='bbox 403 1518 523 1547; x_wconf 87' lang='lat' dir='ltr'><strong>meos</strong></span> <span class='ocrx_word' id='word_1_104' title='bbox 558 1502 613 1546; x_wconf 86' lang='lat' dir='ltr'><strong>ad</strong></span> <span class='ocrx_word' id='word_1_105' title='bbox 645 1501 837 1545; x_wconf 81' lang='lat' dir='ltr'><strong>studium</strong></span> <span class='ocrx_word' id='word_1_106' title='bbox 868 1500 976 1545; x_wconf 89' lang='lat' dir='ltr'><strong>illud</strong></span> <span class='ocrx_word' id='word_1_107' title='bbox 1008 1500 1193 1545; x_wconf 84' lang='lat' dir='ltr'><strong>incitare</strong></span> <span class='ocrx_word' id='word_1_108' title='bbox 1234 1500 1340 1542; x_wconf 88' lang='lat' dir='ltr'><strong>mihi</strong></span> <span class='ocrx_word' id='word_1_109' title='bbox 1376 1500 1550 1557; x_wconf 83' lang='lat' dir='ltr'><strong>videor,</strong></span> <span class='ocrx_word' id='word_1_110' title='bbox 1591 1501 1627 1545; x_wconf 88' lang='lat' dir='ltr'><strong>si</strong></span> 
     </span>
     <span class='ocr_line' id='line_1_16' title="bbox 249 1578 1651 1656; baseline -0.004 -12"><span class='ocrx_word' id='word_1_111' title='bbox 249 1578 521 1644; x_wconf 81' lang='lat' dir='ltr'><strong>diffieiliores</strong></span> <span class='ocrx_word' id='word_1_112' title='bbox 556 1597 768 1656; x_wconf 87' lang='lat' dir='ltr'><strong>quosdam</strong></span> <span class='ocrx_word' id='word_1_113' title='bbox 812 1596 865 1639; x_wconf 92' lang='lat' dir='ltr'><strong>de</strong></span> <span class='ocrx_word' id='word_1_114' title='bbox 904 1610 952 1639; x_wconf 90' lang='lat' dir='ltr'><strong>re</strong></span> <span class='ocrx_word' id='word_1_115' title='bbox 986 1596 1189 1639; x_wconf 79' lang='lat' dir='ltr'><strong>scaenica</strong></span> <span class='ocrx_word' id='word_1_116' title='bbox 1220 1595 1341 1638; x_wconf 85' lang='lat' dir='ltr'><strong>locos</strong></span> <span class='ocrx_word' id='word_1_117' title='bbox 1373 1595 1651 1639; x_wconf 71' lang='lat' dir='ltr'><strong>auctoribus·</strong></span> 
     </span>
    </p>
   </div>
   <div class='ocr_carea' id='block_1_3' title="bbox 248 1692 966 1755">
    <p class='ocr_par' dir='ltr' id='par_1_3' title="bbox 248 1692 966 1755">
     <span class='ocr_line' id='line_1_17' title="bbox 248 1692 966 1755; baseline -0.006 -16"><span class='ocrx_word' id='word_1_118' title='bbox 248 1694 441 1755; x_wconf 87' lang='lat' dir='ltr'><strong>undique</strong></span> <span class='ocrx_word' id='word_1_119' title='bbox 474 1692 646 1739; x_wconf 84' lang='lat' dir='ltr'><strong>collatis</strong></span> <span class='ocrx_word' id='word_1_120' title='bbox 676 1693 966 1737; x_wconf 84' lang='lat' dir='ltr'><strong>illustravere.</strong></span> 
     </span>
    </p>
   </div>
   <div class='ocr_carea' id='block_1_4' title="bbox 250 1805 526 1810">
    <p class='ocr_par' dir='ltr' id='par_1_4' title="bbox 250 1805 526 1810">
     <span class='ocr_line' id='line_1_18' title="bbox 250 1805 526 1810; baseline 0 0"><span class='ocrx_word' id='word_1_121' title='bbox 250 1805 526 1810; x_wconf 95' lang='lat' dir='ltr'><strong> </strong></span> 
     </span>
    </p>
   </div>
   <div class='ocr_carea' id='block_1_5' title="bbox 331 1835 975 1882">
    <p class='ocr_par' dir='ltr' id='par_1_5' title="bbox 331 1835 975 1882">
     <span class='ocr_line' id='line_1_19' title="bbox 331 1835 975 1882; baseline -0.006 -9"><span class='ocrx_word' id='word_1_122' title='bbox 331 1840 362 1881; x_wconf 89' lang='lat'><strong>¹)</strong></span> <span class='ocrx_word' id='word_1_123' title='bbox 390 1837 564 1874; x_wconf 78' lang='lat' dir='ltr'><strong>Philostr.</strong></span> <span class='ocrx_word' id='word_1_124' title='bbox 591 1836 665 1873; x_wconf 88' lang='lat' dir='ltr'><strong>Vit.</strong></span> <span class='ocrx_word' id='word_1_125' title='bbox 693 1835 812 1882; x_wconf 80' lang='lat' dir='ltr'><strong>Apoll.</strong></span> <span class='ocrx_word' id='word_1_126' title='bbox 837 1835 892 1872; x_wconf 92' lang='lat' dir='ltr'><strong>VI</strong></span> <span class='ocrx_word' id='word_1_127' title='bbox 919 1837 975 1871; x_wconf 88' lang='lat'><strong>11.</strong></span> 
     </span>
    </p>
   </div>
  </div>
 </body>
</html>
