<?xml version="1.0" encoding="UTF-8"?>
<!DOCTYPE html PUBLIC "-//W3C//DTD XHTML 1.0 Transitional//EN"
    "http://www.w3.org/TR/xhtml1/DTD/xhtml1-transitional.dtd">
<html xmlns="http://www.w3.org/1999/xhtml" xml:lang="en" lang="en">
 <head>
  <title>
</title>
<meta http-equiv="Content-Type" content="text/html;charset=utf-8" />
  <meta name='ocr-system' content='tesseract 3.04.00' />
  <meta name='ocr-capabilities' content='ocr_page ocr_carea ocr_par ocr_line ocrx_word'/>
</head>
<body>
  <div class='ocr_page' id='page_1' title='image "4737181_0032.png"; bbox 0 0 1819 2930; ppageno 0'>
   <div class='ocr_carea' id='block_1_1' title="bbox 720 141 1021 186">
    <p class='ocr_par' dir='ltr' id='par_1_1' title="bbox 720 141 1021 186">
     <span class='ocr_line' id='line_1_1' title="bbox 720 141 1021 186; baseline 0 -11"><span class='ocrx_word' id='word_1_1' title='bbox 720 141 1021 186; x_wconf 50' lang='lat'><strong>...526-</strong></span> 
     </span>
    </p>
   </div>
   <div class='ocr_carea' id='block_1_2' title="bbox 184 256 1564 450">
    <p class='ocr_par' dir='ltr' id='par_1_2' title="bbox 184 256 1564 450">
     <span class='ocr_line' id='line_1_2' title="bbox 184 256 1562 323; baseline 0.001 -19"><span class='ocrx_word' id='word_1_2' title='bbox 184 259 346 305; x_wconf 83' lang='lat' dir='ltr'><strong>Suidae</strong></span> <span class='ocrx_word' id='word_1_3' title='bbox 369 256 478 317; x_wconf 61' lang='lat' dir='ltr'><strong>„fin-&lt;3</strong></span> <span class='ocrx_word' id='word_1_4' title='bbox 504 257 569 318; x_wconf 83' lang='grc' dir='ltr'><strong>τὴν</strong></span> <span class='ocrx_word' id='word_1_5' title='bbox 587 257 758 318; x_wconf 81' lang='grc' dir='ltr'>σκηνὴν“</span> <span class='ocrx_word' id='word_1_6' title='bbox 782 262 837 306; x_wconf 87' lang='lat' dir='ltr'><strong>ab</strong></span> <span class='ocrx_word' id='word_1_7' title='bbox 850 261 1051 306; x_wconf 85' lang='lat' dir='ltr'><strong>omnibus</strong></span> <span class='ocrx_word' id='word_1_8' title='bbox 1069 277 1211 321; x_wconf 89' lang='lat' dir='ltr'><strong>paene</strong></span> <span class='ocrx_word' id='word_1_9' title='bbox 1229 260 1336 305; x_wconf 80' lang='lat' dir='ltr'><strong>viris</strong></span> <span class='ocrx_word' id='word_1_10' title='bbox 1361 260 1501 305; x_wconf 85' lang='lat' dir='ltr'><strong>doctis</strong></span> <span class='ocrx_word' id='word_1_11' title='bbox 1520 264 1562 323; x_wconf 86' lang='grc'><strong>1)</strong></span> 
     </span>
     <span class='ocr_line' id='line_1_3' title="bbox 184 333 1564 393; baseline 0.002 -17"><span class='ocrx_word' id='word_1_12' title='bbox 184 350 274 377; x_wconf 90' lang='lat' dir='ltr'><strong>non</strong></span> <span class='ocrx_word' id='word_1_13' title='bbox 297 335 431 389; x_wconf 78' lang='lat' dir='ltr'><strong>„sub</strong></span> <span class='ocrx_word' id='word_1_14' title='bbox 457 335 699 378; x_wconf 86' lang='lat' dir='ltr'><strong>scaena“</strong></span> <span class='ocrx_word' id='word_1_15' title='bbox 722 333 800 378; x_wconf 87' lang='lat' dir='ltr'><strong>sed</strong></span> <span class='ocrx_word' id='word_1_16' title='bbox 826 341 989 393; x_wconf 83' lang='lat' dir='ltr'><strong>„post</strong></span> <span class='ocrx_word' id='word_1_17' title='bbox 1020 349 1257 378; x_wconf 81' lang='lat' dir='ltr'><strong>scaenae</strong></span> <span class='ocrx_word' id='word_1_18' title='bbox 1278 333 1564 392; x_wconf 85' lang='lat' dir='ltr'><strong>parietes“</strong></span> 
     </span>
     <span class='ocr_line' id='line_1_4' title="bbox 190 412 435 450; baseline 0 0"><span class='ocrx_word' id='word_1_19' title='bbox 190 412 435 450; x_wconf 87' lang='lat' dir='ltr'><strong>vertuntur.</strong></span> 
     </span>
    </p>
   </div>
   <div class='ocr_carea' id='block_1_3' title="bbox 618 514 1139 573">
    <p class='ocr_par' dir='ltr' id='par_1_3' title="bbox 618 514 1139 573">
     <span class='ocr_line' id='line_1_5' title="bbox 618 514 1139 573; baseline 0.004 -17"><span class='ocrx_word' id='word_1_20' title='bbox 618 514 697 558; x_wconf 92' lang='lat' dir='ltr'><strong>De</strong></span> <span class='ocrx_word' id='word_1_21' title='bbox 737 515 1139 573; x_wconf 85' lang='lat' dir='ltr'><strong>anapiesmate.</strong></span> 
     </span>
    </p>
   </div>
   <div class='ocr_carea' id='block_1_4' title="bbox 184 608 1568 1603">
    <p class='ocr_par' dir='ltr' id='par_1_4' title="bbox 184 608 1568 1386">
     <span class='ocr_line' id='line_1_6' title="bbox 279 608 1566 667; baseline 0.001 -15"><span class='ocrx_word' id='word_1_22' title='bbox 279 609 416 653; x_wconf 83' lang='lat' dir='ltr'><strong>Putat</strong></span> <span class='ocrx_word' id='word_1_23' title='bbox 465 608 927 660; x_wconf 79' lang='lat' dir='ltr'><strong>Sommerbrodtius2)</strong></span> <span class='ocrx_word' id='word_1_24' title='bbox 985 609 1030 652; x_wconf 91' lang='lat' dir='ltr'><strong>in</strong></span> <span class='ocrx_word' id='word_1_25' title='bbox 1079 616 1274 653; x_wconf 86' lang='lat' dir='ltr'><strong>extrema</strong></span> <span class='ocrx_word' id='word_1_26' title='bbox 1311 609 1566 667; x_wconf 80' lang='lat' dir='ltr'>tragoediae</span> 
     </span>
     <span class='ocr_line' id='line_1_7' title="bbox 191 680 1566 743; baseline 0 -19"><span class='ocrx_word' id='word_1_27' title='bbox 191 688 316 739; x_wconf 85' lang='lat' dir='ltr'><strong>parte</strong></span> <span class='ocrx_word' id='word_1_28' title='bbox 350 696 449 724; x_wconf 88' lang='lat' dir='ltr'><strong>cum</strong></span> <span class='ocrx_word' id='word_1_29' title='bbox 473 681 620 724; x_wconf 85' lang='lat' dir='ltr'><strong>omnia</strong></span> <span class='ocrx_word' id='word_1_30' title='bbox 644 680 841 723; x_wconf 80' lang='lat' dir='ltr'><strong>inhiante</strong></span> <span class='ocrx_word' id='word_1_31' title='bbox 862 687 1006 743; x_wconf 80' lang='lat' dir='ltr'><strong>terrae</strong></span> <span class='ocrx_word' id='word_1_32' title='bbox 1028 681 1204 739; x_wconf 85' lang='lat' dir='ltr'><strong>gurgite</strong></span> <span class='ocrx_word' id='word_1_33' title='bbox 1236 682 1566 738; x_wconf 82' lang='lat' dir='ltr'><strong>immergantur,</strong></span> 
     </span>
     <span class='ocr_line' id='line_1_8' title="bbox 191 752 1565 811; baseline -0.001 -14"><span class='ocrx_word' id='word_1_34' title='bbox 191 752 493 811; x_wconf 82' lang='lat' dir='ltr'><strong>anapiesmate</strong></span> <span class='ocrx_word' id='word_1_35' title='bbox 517 752 632 797; x_wconf 87' lang='lat' dir='ltr'><strong>effici</strong></span> <span class='ocrx_word' id='word_1_36' title='bbox 653 758 798 796; x_wconf 85' lang='lat' dir='ltr'><strong>terrae</strong></span> <span class='ocrx_word' id='word_1_37' title='bbox 827 752 957 796; x_wconf 88' lang='lat' dir='ltr'><strong>istum</strong></span> <span class='ocrx_word' id='word_1_38' title='bbox 982 758 1161 797; x_wconf 89' lang='lat' dir='ltr'><strong>motum.</strong></span> <span class='ocrx_word' id='word_1_39' title='bbox 1212 752 1346 797; x_wconf 91' lang='lat' dir='ltr'><strong>Hunc</strong></span> <span class='ocrx_word' id='word_1_40' title='bbox 1370 753 1565 811; x_wconf 84' lang='lat' dir='ltr'><strong>anapies-</strong></span> 
     </span>
     <span class='ocr_line' id='line_1_9' title="bbox 188 819 1566 881; baseline -0.001 -14"><span class='ocrx_word' id='word_1_41' title='bbox 188 825 316 867; x_wconf 73' lang='lat' dir='ltr'><strong>matis</strong></span> <span class='ocrx_word' id='word_1_42' title='bbox 365 839 495 867; x_wconf 88' lang='lat' dir='ltr'><strong>usum</strong></span> <span class='ocrx_word' id='word_1_43' title='bbox 535 822 898 867; x_wconf 88' lang='lat' dir='ltr'><strong>Schoenbornius</strong></span> <span class='ocrx_word' id='word_1_44' title='bbox 948 823 1076 866; x_wconf 85' lang='lat' dir='ltr'><strong>reicit</strong></span> <span class='ocrx_word' id='word_1_45' title='bbox 1121 823 1201 881; x_wconf 88' lang='lat' dir='ltr'><strong>qui</strong></span> <span class='ocrx_word' id='word_1_46' title='bbox 1251 819 1397 879; x_wconf 62' lang='grc' dir='ltr'><em>οἷιθέρα</em></span> <span class='ocrx_word' id='word_1_47' title='bbox 1438 821 1566 881; x_wconf 76' lang='grc' dir='ltr'>πόντῳ</span> 
     </span>
     <span class='ocr_line' id='line_1_10' title="bbox 191 884 1567 954; baseline 0.001 -14"><span class='ocrx_word' id='word_1_48' title='bbox 191 894 537 953; x_wconf 78' lang='grc' dir='ltr'><em>ξυντεταραγμένον</em></span> <span class='ocrx_word' id='word_1_49' title='bbox 568 914 605 938; x_wconf 86' lang='grc' dir='ltr'><strong>κ.</strong></span> <span class='ocrx_word' id='word_1_50' title='bbox 638 913 675 937; x_wconf 88' lang='grc' dir='ltr'><strong>τ.</strong></span> <span class='ocrx_word' id='word_1_51' title='bbox 707 896 736 938; x_wconf 77' lang='grc' dir='ltr'><strong>ἓ.</strong></span> <span class='ocrx_word' id='word_1_52' title='bbox 769 895 813 938; x_wconf 91' lang='lat' dir='ltr'><strong>in</strong></span> <span class='ocrx_word' id='word_1_53' title='bbox 831 884 1004 939; x_wconf 23' lang='lat' dir='ltr'><strong>scaena*</strong></span> <span class='ocrx_word' id='word_1_54' title='bbox 1021 902 1220 940; x_wconf 84' lang='lat' dir='ltr'><strong>veterum</strong></span> <span class='ocrx_word' id='word_1_55' title='bbox 1248 897 1567 954; x_wconf 87' lang='lat' dir='ltr'><strong>repraesentari</strong></span> 
     </span>
     <span class='ocr_line' id='line_1_11' title="bbox 184 965 1566 1027; baseline 0 -16"><span class='ocrx_word' id='word_1_56' title='bbox 184 983 275 1011; x_wconf 90' lang='lat' dir='ltr'><strong>non</strong></span> <span class='ocrx_word' id='word_1_57' title='bbox 317 968 511 1027; x_wconf 90' lang='lat' dir='ltr'><strong>potuisse</strong></span> <span class='ocrx_word' id='word_1_58' title='bbox 555 965 662 1009; x_wconf 80' lang='lat' dir='ltr'><strong>dicit</strong></span> <span class='ocrx_word' id='word_1_59' title='bbox 702 973 745 1010; x_wconf 92' lang='lat' dir='ltr'><strong>et</strong></span> <span class='ocrx_word' id='word_1_60' title='bbox 784 973 928 1010; x_wconf 86' lang='lat' dir='ltr'><strong>terrae</strong></span> <span class='ocrx_word' id='word_1_61' title='bbox 970 973 1135 1010; x_wconf 90' lang='lat' dir='ltr'><strong>motum</strong></span> <span class='ocrx_word' id='word_1_62' title='bbox 1180 966 1284 1010; x_wconf 86' lang='lat' dir='ltr'><strong>solis</strong></span> <span class='ocrx_word' id='word_1_63' title='bbox 1332 967 1566 1011; x_wconf 89' lang='lat' dir='ltr'><strong>verborum</strong></span> 
     </span>
     <span class='ocr_line' id='line_1_12' title="bbox 186 1039 1566 1099; baseline -0.001 -14"><span class='ocrx_word' id='word_1_64' title='bbox 186 1041 404 1085; x_wconf 87' lang='lat' dir='ltr'><strong>coloribus</strong></span> <span class='ocrx_word' id='word_1_65' title='bbox 448 1039 671 1098; x_wconf 86' lang='lat' dir='ltr'><strong>depictum</strong></span> <span class='ocrx_word' id='word_1_66' title='bbox 718 1055 743 1083; x_wconf 91' lang='lat' dir='ltr'><strong>a</strong></span> <span class='ocrx_word' id='word_1_67' title='bbox 783 1039 1102 1099; x_wconf 74' lang='lat' dir='ltr'><strong>spectatoribus</strong></span> <span class='ocrx_word' id='word_1_68' title='bbox 1150 1039 1274 1099; x_wconf 88' lang='lat' dir='ltr'><strong>fingi.</strong></span> <span class='ocrx_word' id='word_1_69' title='bbox 1346 1040 1409 1083; x_wconf 92' lang='lat' dir='ltr'><strong>At</strong></span> <span class='ocrx_word' id='word_1_70' title='bbox 1449 1047 1566 1085; x_wconf 83' lang='lat' dir='ltr'><strong>certe</strong></span> 
     </span>
     <span class='ocr_line' id='line_1_13' title="bbox 187 1111 1568 1170; baseline -0.001 -14"><span class='ocrx_word' id='word_1_71' title='bbox 187 1113 360 1156; x_wconf 89' lang='lat' dir='ltr'><strong>etiamsi</strong></span> <span class='ocrx_word' id='word_1_72' title='bbox 408 1113 454 1154; x_wconf 93' lang='lat' dir='ltr'><strong>in</strong></span> <span class='ocrx_word' id='word_1_73' title='bbox 497 1111 616 1154; x_wconf 91' lang='lat' dir='ltr'><strong>omni</strong></span> <span class='ocrx_word' id='word_1_74' title='bbox 657 1113 798 1154; x_wconf 87' lang='lat' dir='ltr'><strong>omnis</strong></span> <span class='ocrx_word' id='word_1_75' title='bbox 842 1112 997 1155; x_wconf 85' lang='lat' dir='ltr'><strong>aetatis</strong></span> <span class='ocrx_word' id='word_1_76' title='bbox 1037 1112 1207 1155; x_wconf 86' lang='lat' dir='ltr'><strong>theatro</strong></span> <span class='ocrx_word' id='word_1_77' title='bbox 1257 1127 1365 1170; x_wconf 89' lang='lat' dir='ltr'><strong>opus</strong></span> <span class='ocrx_word' id='word_1_78' title='bbox 1406 1118 1472 1155; x_wconf 88' lang='lat' dir='ltr'><strong>est</strong></span> <span class='ocrx_word' id='word_1_79' title='bbox 1520 1119 1568 1155; x_wconf 89' lang='lat' dir='ltr'><strong>ut</strong></span> 
     </span>
     <span class='ocr_line' id='line_1_14' title="bbox 188 1184 1567 1243; baseline 0.001 -15"><span class='ocrx_word' id='word_1_80' title='bbox 188 1185 327 1229; x_wconf 90' lang='lat' dir='ltr'><strong>multa</strong></span> <span class='ocrx_word' id='word_1_81' title='bbox 349 1184 575 1243; x_wconf 87' lang='lat' dir='ltr'><strong>fingantur</strong></span> <span class='ocrx_word' id='word_1_82' title='bbox 596 1190 770 1243; x_wconf 85' lang='lat' dir='ltr'><strong>praeter</strong></span> <span class='ocrx_word' id='word_1_83' title='bbox 792 1199 844 1227; x_wconf 91' lang='lat' dir='ltr'><strong>ea</strong></span> <span class='ocrx_word' id='word_1_84' title='bbox 866 1199 979 1241; x_wconf 88' lang='lat' dir='ltr'><strong>quae</strong></span> <span class='ocrx_word' id='word_1_85' title='bbox 1003 1189 1401 1242; x_wconf 81' lang='lat' dir='ltr'><strong>repraesentantur,</strong></span> <span class='ocrx_word' id='word_1_86' title='bbox 1424 1200 1567 1243; x_wconf 89' lang='lat' dir='ltr'><strong>neque</strong></span> 
     </span>
     <span class='ocr_line' id='line_1_15' title="bbox 186 1247 1567 1314; baseline 0 -14"><span class='ocrx_word' id='word_1_87' title='bbox 186 1273 305 1301; x_wconf 87' lang='lat' dir='ltr'><strong>nunc</strong></span> <span class='ocrx_word' id='word_1_88' title='bbox 339 1272 483 1314; x_wconf 85' lang='lat' dir='ltr'><strong>neque</strong></span> <span class='ocrx_word' id='word_1_89' title='bbox 516 1271 710 1313; x_wconf 90' lang='lat' dir='ltr'><strong>unquam</strong></span> <span class='ocrx_word' id='word_1_90' title='bbox 744 1256 958 1299; x_wconf 84' lang='lat' dir='ltr'><strong>machinis</strong></span> <span class='ocrx_word' id='word_1_91' title='bbox 992 1255 1209 1299; x_wconf 88' lang='lat' dir='ltr'><strong>abstineat</strong></span> <span class='ocrx_word' id='word_1_92' title='bbox 1248 1255 1285 1298; x_wconf 91' lang='lat' dir='ltr'><strong>is</strong></span> <span class='ocrx_word' id='word_1_93' title='bbox 1319 1247 1393 1313; x_wconf 88' lang='lat' dir='ltr'><strong>qui</strong></span> <span class='ocrx_word' id='word_1_94' title='bbox 1424 1262 1567 1300; x_wconf 86' lang='lat' dir='ltr'><strong>terrae</strong></span> 
     </span>
     <span class='ocr_line' id='line_1_16' title="bbox 189 1326 1232 1386; baseline -0.001 -15"><span class='ocrx_word' id='word_1_95' title='bbox 189 1335 358 1372; x_wconf 88' lang='lat' dir='ltr'><strong>motum</strong></span> <span class='ocrx_word' id='word_1_96' title='bbox 390 1327 527 1371; x_wconf 88' lang='lat' dir='ltr'><strong>oculis</strong></span> <span class='ocrx_word' id='word_1_97' title='bbox 562 1327 850 1386; x_wconf 83' lang='lat' dir='ltr'><strong>spectantium</strong></span> <span class='ocrx_word' id='word_1_98' title='bbox 886 1326 1093 1370; x_wconf 87' lang='lat' dir='ltr'><strong>exhibere</strong></span> <span class='ocrx_word' id='word_1_99' title='bbox 1123 1327 1232 1371; x_wconf 87' lang='lat' dir='ltr'><strong>vult.</strong></span> 
     </span>
    </p>

    <p class='ocr_par' dir='ltr' id='par_1_5' title="bbox 188 1394 1568 1603">
     <span class='ocr_line' id='line_1_17' title="bbox 284 1394 1566 1457; baseline -0.001 -14"><span class='ocrx_word' id='word_1_100' title='bbox 284 1400 442 1457; x_wconf 90' lang='lat' dir='ltr'><strong>Itaque</strong></span> <span class='ocrx_word' id='word_1_101' title='bbox 489 1399 741 1457; x_wconf 76' lang='lat' dir='ltr'><strong>Aeschylus</strong></span> <span class='ocrx_word' id='word_1_102' title='bbox 785 1415 881 1442; x_wconf 89' lang='lat' dir='ltr'><strong>cum</strong></span> <span class='ocrx_word' id='word_1_103' title='bbox 939 1398 995 1442; x_wconf 85' lang='lat' dir='ltr'><strong>ad</strong></span> <span class='ocrx_word' id='word_1_104' title='bbox 1045 1394 1322 1442; x_wconf 85' lang='lat' dir='ltr'><strong>efficiendam</strong></span> <span class='ocrx_word' id='word_1_105' title='bbox 1374 1399 1566 1457; x_wconf 85' lang='lat' dir='ltr'><strong>speeiem</strong></span> 
     </span>
     <span class='ocr_line' id='line_1_18' title="bbox 188 1470 1568 1530; baseline -0.001 -13"><span class='ocrx_word' id='word_1_106' title='bbox 188 1481 335 1517; x_wconf 86' lang='lat' dir='ltr'><strong>terrae</strong></span> <span class='ocrx_word' id='word_1_107' title='bbox 388 1478 532 1515; x_wconf 87' lang='lat' dir='ltr'><strong>motus</strong></span> <span class='ocrx_word' id='word_1_108' title='bbox 592 1470 851 1530; x_wconf 87' lang='lat' dir='ltr'><strong>anapiesma·</strong></span> <span class='ocrx_word' id='word_1_109' title='bbox 906 1470 1102 1523; x_wconf 83' lang='lat' dir='ltr'><strong>adesset,</strong></span> <span class='ocrx_word' id='word_1_110' title='bbox 1167 1477 1285 1514; x_wconf 87' lang='lat' dir='ltr'><strong>certe</strong></span> <span class='ocrx_word' id='word_1_111' title='bbox 1343 1487 1448 1516; x_wconf 88' lang='lat' dir='ltr'><strong>usus</strong></span> <span class='ocrx_word' id='word_1_112' title='bbox 1503 1479 1568 1515; x_wconf 88' lang='lat' dir='ltr'><strong>est</strong></span> 
     </span>
     <span class='ocr_line' id='line_1_19' title="bbox 189 1541 1560 1603; baseline -0.001 -15"><span class='ocrx_word' id='word_1_113' title='bbox 189 1545 501 1603; x_wconf 86' lang='lat' dir='ltr'><strong>anapiesmate.</strong></span> <span class='ocrx_word' id='word_1_114' title='bbox 520 1547 563 1595; x_wconf 81' lang='lat'><strong>³)</strong></span> <span class='ocrx_word' id='word_1_115' title='bbox 586 1541 700 1586; x_wconf 83' lang='lat' dir='ltr'><strong>Sunt</strong></span> <span class='ocrx_word' id='word_1_116' title='bbox 722 1543 797 1600; x_wconf 90' lang='lat' dir='ltr'><strong>qui</strong></span> <span class='ocrx_word' id='word_1_117' title='bbox 808 1558 905 1586; x_wconf 90' lang='lat' dir='ltr'><strong>eam</strong></span> <span class='ocrx_word' id='word_1_118' title='bbox 922 1543 1171 1586; x_wconf 86' lang='lat' dir='ltr'><strong>machinam</strong></span> <span class='ocrx_word' id='word_1_119' title='bbox 1190 1543 1270 1586; x_wconf 85' lang='lat' dir='ltr'><strong>sub</strong></span> <span class='ocrx_word' id='word_1_120' title='bbox 1290 1545 1560 1588; x_wconf 85' lang='lat' dir='ltr'><strong>orchestram</strong></span> 
     </span>
    </p>
   </div>
   <div class='ocr_carea' id='block_1_5' title="bbox 193 1655 467 1661">
    <p class='ocr_par' dir='ltr' id='par_1_6' title="bbox 193 1655 467 1661">
     <span class='ocr_line' id='line_1_20' title="bbox 193 1655 467 1661; baseline 0 0"><span class='ocrx_word' id='word_1_121' title='bbox 193 1655 467 1661; x_wconf 95' lang='lat' dir='ltr'><strong> </strong></span> 
     </span>
    </p>
   </div>
   <div class='ocr_carea' id='block_1_6' title="bbox 189 1685 1610 2393">
    <p class='ocr_par' dir='ltr' id='par_1_7' title="bbox 190 1685 1570 1913">
     <span class='ocr_line' id='line_1_21' title="bbox 268 1685 1568 1736; baseline 0.001 -15"><span class='ocrx_word' id='word_1_122' title='bbox 268 1687 300 1729; x_wconf 78' lang='lat'><strong>¹)</strong></span> <span class='ocrx_word' id='word_1_123' title='bbox 327 1686 371 1721; x_wconf 89' lang='lat' dir='ltr'><strong>A.</strong></span> <span class='ocrx_word' id='word_1_124' title='bbox 397 1685 601 1724; x_wconf 85' lang='lat' dir='ltr'><strong>Muellerus</strong></span> <span class='ocrx_word' id='word_1_125' title='bbox 633 1690 669 1731; x_wconf 88' lang='lat' dir='ltr'><strong>(l.</strong></span> <span class='ocrx_word' id='word_1_126' title='bbox 696 1698 726 1723; x_wconf 89' lang='lat' dir='ltr'><strong>c.</strong></span> <span class='ocrx_word' id='word_1_127' title='bbox 758 1699 793 1733; x_wconf 84' lang='lat' dir='ltr'><strong>p.</strong></span> <span class='ocrx_word' id='word_1_128' title='bbox 822 1688 907 1733; x_wconf 87' lang='lat'>334)</span> <span class='ocrx_word' id='word_1_129' title='bbox 946 1699 1066 1736; x_wconf 90' lang='lat' dir='ltr'><strong>pauca</strong></span> <span class='ocrx_word' id='word_1_130' title='bbox 1103 1692 1246 1725; x_wconf 84' lang='lat' dir='ltr'><strong>tantum</strong></span> <span class='ocrx_word' id='word_1_131' title='bbox 1286 1688 1410 1724; x_wconf 86' lang='lat' dir='ltr'><strong>affert:</strong></span> <span class='ocrx_word' id='word_1_132' title='bbox 1462 1688 1568 1731; x_wconf 83' lang='lat' dir='ltr'><strong>„Das</strong></span> 
     </span>
     <span class='ocr_line' id='line_1_22' title="bbox 192 1745 1569 1786; baseline 0.001 -5"><span class='ocrx_word' id='word_1_133' title='bbox 192 1745 395 1786; x_wconf 85' lang='lat' dir='ltr'><strong>Bronteum</strong></span> <span class='ocrx_word' id='word_1_134' title='bbox 418 1746 493 1783; x_wconf 84' lang='lat' dir='ltr'><strong>will</strong></span> <span class='ocrx_word' id='word_1_135' title='bbox 517 1747 730 1784; x_wconf 85' lang='lat' dir='ltr'><strong>Rothmann</strong></span> <span class='ocrx_word' id='word_1_136' title='bbox 761 1748 800 1784; x_wconf 93' lang='lat' dir='ltr'><strong>in</strong></span> <span class='ocrx_word' id='word_1_137' title='bbox 833 1748 892 1785; x_wconf 89' lang='lat' dir='ltr'><strong>die</strong></span> <span class='ocrx_word' id='word_1_138' title='bbox 917 1748 1055 1786; x_wconf 88' lang='lat' dir='ltr'><strong>hohlen</strong></span> <span class='ocrx_word' id='word_1_139' title='bbox 1079 1748 1223 1786; x_wconf 69' lang='lat' dir='ltr'><strong>Raume</strong></span> <span class='ocrx_word' id='word_1_140' title='bbox 1248 1748 1312 1786; x_wconf 88' lang='lat' dir='ltr'><strong>des</strong></span> <span class='ocrx_word' id='word_1_141' title='bbox 1337 1747 1569 1785; x_wconf 84' lang='lat' dir='ltr'><strong>Unterbaues</strong></span> 
     </span>
     <span class='ocr_line' id='line_1_23' title="bbox 190 1800 1570 1852; baseline 0.001 -12"><span class='ocrx_word' id='word_1_142' title='bbox 190 1806 311 1851; x_wconf 84' lang='lat' dir='ltr'><strong>legen.</strong></span> <span class='ocrx_word' id='word_1_143' title='bbox 362 1809 442 1843; x_wconf 70' lang='grc' dir='ltr'><strong>ΑΗΒ</strong></span> <span class='ocrx_word' id='word_1_144' title='bbox 468 1807 606 1842; x_wconf 81' lang='lat' dir='ltr'><strong>Pollux</strong></span> <span class='ocrx_word' id='word_1_145' title='bbox 631 1807 655 1843; x_wconf 91' lang='lat' dir='ltr'><strong>l.</strong></span> <span class='ocrx_word' id='word_1_146' title='bbox 673 1817 703 1845; x_wconf 80' lang='lat' dir='ltr'><strong>c.</strong></span> <span class='ocrx_word' id='word_1_147' title='bbox 729 1800 792 1843; x_wconf 69' lang='grc' dir='ltr'><strong>ὗπδ</strong></span> <span class='ocrx_word' id='word_1_148' title='bbox 822 1801 881 1852; x_wconf 71' lang='grc' dir='ltr'><strong>τὴν</strong></span> <span class='ocrx_word' id='word_1_149' title='bbox 906 1803 1024 1852; x_wconf 66' lang='grc' dir='ltr'><em>σκηνὴν</em></span> <span class='ocrx_word' id='word_1_150' title='bbox 1049 1803 1190 1846; x_wconf 68' lang='grc' dir='ltr'><em>ἕπιςθεν</em></span> <span class='ocrx_word' id='word_1_151' title='bbox 1217 1807 1340 1844; x_wconf 80' lang='lat' dir='ltr'><strong>durfte</strong></span> <span class='ocrx_word' id='word_1_152' title='bbox 1365 1808 1461 1844; x_wconf 85' lang='lat' dir='ltr'><strong>wohl</strong></span> <span class='ocrx_word' id='word_1_153' title='bbox 1482 1807 1570 1843; x_wconf 80' lang='lat' dir='ltr'><strong>eher</strong></span> 
     </span>
     <span class='ocr_line' id='line_1_24' title="bbox 190 1865 1510 1913; baseline 0.002 -12"><span class='ocrx_word' id='word_1_154' title='bbox 190 1877 239 1901; x_wconf 89' lang='lat' dir='ltr'><strong>zu</strong></span> <span class='ocrx_word' id='word_1_155' title='bbox 265 1865 487 1901; x_wconf 88' lang='lat' dir='ltr'><strong>entnehmen</strong></span> <span class='ocrx_word' id='word_1_156' title='bbox 513 1866 602 1909; x_wconf 89' lang='lat' dir='ltr'><strong>sein,</strong></span> <span class='ocrx_word' id='word_1_157' title='bbox 629 1865 714 1903; x_wconf 86' lang='lat' dir='ltr'><strong>dass</strong></span> <span class='ocrx_word' id='word_1_158' title='bbox 740 1876 779 1903; x_wconf 91' lang='lat' dir='ltr'><strong>es</strong></span> <span class='ocrx_word' id='word_1_159' title='bbox 804 1867 927 1903; x_wconf 87' lang='lat' dir='ltr'><strong>hinter</strong></span> <span class='ocrx_word' id='word_1_160' title='bbox 952 1867 1018 1904; x_wconf 91' lang='lat' dir='ltr'><strong>der</strong></span> <span class='ocrx_word' id='word_1_161' title='bbox 1041 1866 1390 1904; x_wconf 83' lang='lat' dir='ltr'><strong>Decorationswaud</strong></span> <span class='ocrx_word' id='word_1_162' title='bbox 1414 1867 1510 1913; x_wconf 84' lang='lat' dir='ltr'><strong>lag.“</strong></span> 
     </span>
    </p>

    <p class='ocr_par' dir='ltr' id='par_1_8' title="bbox 189 1925 1610 2091">
     <span class='ocr_line' id='line_1_25' title="bbox 264 1925 1569 1973; baseline 0.001 -11"><span class='ocrx_word' id='word_1_163' title='bbox 264 1925 431 1964; x_wconf 87' lang='lat' dir='ltr'><strong>Lohdius</strong></span> <span class='ocrx_word' id='word_1_164' title='bbox 465 1926 502 1971; x_wconf 89' lang='lat' dir='ltr'><strong>(l.</strong></span> <span class='ocrx_word' id='word_1_165' title='bbox 530 1938 558 1963; x_wconf 88' lang='lat' dir='ltr'><strong>c.</strong></span> <span class='ocrx_word' id='word_1_166' title='bbox 586 1939 620 1973; x_wconf 86' lang='lat' dir='ltr'><strong>p.</strong></span> <span class='ocrx_word' id='word_1_167' title='bbox 642 1927 714 1972; x_wconf 89' lang='grc'>18).</span> <span class='ocrx_word' id='word_1_168' title='bbox 765 1927 902 1972; x_wconf 86' lang='lat' dir='ltr'><strong>„Diese</strong></span> <span class='ocrx_word' id='word_1_169' title='bbox 933 1927 1271 1965; x_wconf 86' lang='lat' dir='ltr'><strong>Donnermaschine</strong></span> <span class='ocrx_word' id='word_1_170' title='bbox 1311 1927 1447 1965; x_wconf 85' lang='lat' dir='ltr'><strong>befand</strong></span> <span class='ocrx_word' id='word_1_171' title='bbox 1481 1926 1569 1970; x_wconf 89' lang='lat' dir='ltr'><strong>sich,</strong></span> 
     </span>
     <span class='ocr_line' id='line_1_26' title="bbox 189 1985 1610 2031; baseline 0.001 -10"><span class='ocrx_word' id='word_1_172' title='bbox 189 1986 258 2021; x_wconf 88' lang='lat' dir='ltr'><strong>wie</strong></span> <span class='ocrx_word' id='word_1_173' title='bbox 291 1985 430 2022; x_wconf 88' lang='lat' dir='ltr'><strong>Pollux</strong></span> <span class='ocrx_word' id='word_1_174' title='bbox 463 1986 667 2031; x_wconf 84' lang='lat' dir='ltr'><strong>berichtet‚</strong></span> <span class='ocrx_word' id='word_1_175' title='bbox 685 2014 690 2020; x_wconf 93' lang='lat'><strong>.</strong></span> <span class='ocrx_word' id='word_1_176' title='bbox 707 1986 745 2022; x_wconf 91' lang='lat' dir='ltr'><strong>in</strong></span> <span class='ocrx_word' id='word_1_177' title='bbox 777 1987 896 2023; x_wconf 89' lang='lat' dir='ltr'><strong>einem</strong></span> <span class='ocrx_word' id='word_1_178' title='bbox 928 1987 1100 2023; x_wconf 87' lang='lat' dir='ltr'><strong>hinteren</strong></span> <span class='ocrx_word' id='word_1_179' title='bbox 1137 1987 1277 2023; x_wconf 84' lang='lat' dir='ltr'><strong>Raume</strong></span> <span class='ocrx_word' id='word_1_180' title='bbox 1315 1988 1379 2024; x_wconf 87' lang='lat' dir='ltr'><strong>des</strong></span> <span class='ocrx_word' id='word_1_181' title='bbox 1413 1989 1568 2023; x_wconf 86' lang='lat' dir='ltr'><strong>Scenen-</strong></span> <span class='ocrx_word' id='word_1_182' title='bbox 1607 1989 1610 1992; x_wconf 76' lang='grc'><strong><em>’</em></strong></span> 
     </span>
     <span class='ocr_line' id='line_1_27' title="bbox 189 2046 415 2091; baseline 0 -9"><span class='ocrx_word' id='word_1_183' title='bbox 189 2046 415 2091; x_wconf 66' lang='lat' dir='ltr'><strong>gebaudesf‘</strong></span> 
     </span>
    </p>

    <p class='ocr_par' dir='ltr' id='par_1_9' title="bbox 268 2106 1456 2157">
     <span class='ocr_line' id='line_1_28' title="bbox 268 2106 1456 2157; baseline 0.002 -16"><span class='ocrx_word' id='word_1_184' title='bbox 268 2106 369 2141; x_wconf 88' lang='lat' dir='ltr'><strong>Idem</strong></span> <span class='ocrx_word' id='word_1_185' title='bbox 395 2106 503 2143; x_wconf 82' lang='lat' dir='ltr'><strong>affert</strong></span> <span class='ocrx_word' id='word_1_186' title='bbox 527 2108 645 2155; x_wconf 81' lang='lat' dir='ltr'><strong>Pauly</strong></span> <span class='ocrx_word' id='word_1_187' title='bbox 670 2108 683 2143; x_wconf 96' lang='lat' dir='ltr'><strong>l</strong></span> <span class='ocrx_word' id='word_1_188' title='bbox 721 2118 749 2144; x_wconf 91' lang='lat' dir='ltr'><strong>c.</strong></span> <span class='ocrx_word' id='word_1_189' title='bbox 778 2119 813 2155; x_wconf 90' lang='lat' dir='ltr'><strong>p.</strong></span> <span class='ocrx_word' id='word_1_190' title='bbox 833 2108 927 2144; x_wconf 81' lang='grc'><strong>1771</strong></span> <span class='ocrx_word' id='word_1_191' title='bbox 955 2112 993 2145; x_wconf 87' lang='lat' dir='ltr'><strong>et</strong></span> <span class='ocrx_word' id='word_1_192' title='bbox 1018 2107 1239 2155; x_wconf 86' lang='lat' dir='ltr'><strong>Geppertius</strong></span> <span class='ocrx_word' id='word_1_193' title='bbox 1264 2109 1288 2145; x_wconf 87' lang='lat'><strong>1.</strong></span> <span class='ocrx_word' id='word_1_194' title='bbox 1316 2119 1347 2146; x_wconf 88' lang='lat' dir='ltr'><strong>c.</strong></span> <span class='ocrx_word' id='word_1_195' title='bbox 1374 2108 1456 2157; x_wconf 82' lang='lat'><strong>185.</strong></span> 
     </span>
    </p>

    <p class='ocr_par' dir='ltr' id='par_1_10' title="bbox 268 2165 558 2214">
     <span class='ocr_line' id='line_1_29' title="bbox 268 2165 558 2214; baseline 0.014 -13"><span class='ocrx_word' id='word_1_196' title='bbox 268 2167 301 2208; x_wconf 79' lang='lat'><strong>²)</strong></span> <span class='ocrx_word' id='word_1_197' title='bbox 327 2165 350 2201; x_wconf 93' lang='lat' dir='ltr'><strong>l.</strong></span> <span class='ocrx_word' id='word_1_198' title='bbox 379 2176 409 2202; x_wconf 85' lang='lat' dir='ltr'><strong>c.</strong></span> <span class='ocrx_word' id='word_1_199' title='bbox 436 2178 472 2214; x_wconf 89' lang='lat' dir='ltr'><strong>p.</strong></span> <span class='ocrx_word' id='word_1_200' title='bbox 499 2167 558 2205; x_wconf 88' lang='lat'><strong>38.</strong></span> 
     </span>
    </p>

    <p class='ocr_par' dir='ltr' id='par_1_11' title="bbox 189 2227 1571 2393">
     <span class='ocr_line' id='line_1_30' title="bbox 269 2227 1570 2274; baseline 0 -13"><span class='ocrx_word' id='word_1_201' title='bbox 269 2227 302 2269; x_wconf 79' lang='lat'><strong>³)</strong></span> <span class='ocrx_word' id='word_1_202' title='bbox 329 2227 550 2263; x_wconf 77' lang='lat' dir='ltr'><strong>Accuratius</strong></span> <span class='ocrx_word' id='word_1_203' title='bbox 588 2228 620 2264; x_wconf 92' lang='lat' dir='ltr'><strong>si</strong></span> <span class='ocrx_word' id='word_1_204' title='bbox 657 2229 738 2273; x_wconf 85' lang='lat' dir='ltr'><strong>quis</strong></span> <span class='ocrx_word' id='word_1_205' title='bbox 777 2228 822 2263; x_wconf 91' lang='lat' dir='ltr'><strong>de</strong></span> <span class='ocrx_word' id='word_1_206' title='bbox 858 2228 928 2263; x_wconf 87' lang='lat' dir='ltr'><strong>hac</strong></span> <span class='ocrx_word' id='word_1_207' title='bbox 964 2229 1135 2264; x_wconf 86' lang='lat' dir='ltr'><strong>machina</strong></span> <span class='ocrx_word' id='word_1_208' title='bbox 1170 2228 1356 2274; x_wconf 89' lang='lat' dir='ltr'><strong>inquirere</strong></span> <span class='ocrx_word' id='word_1_209' title='bbox 1382 2228 1479 2272; x_wconf 88' lang='lat' dir='ltr'><strong>vult,</strong></span> <span class='ocrx_word' id='word_1_210' title='bbox 1518 2227 1570 2262; x_wconf 92' lang='lat' dir='ltr'><strong>le-</strong></span> 
     </span>
     <span class='ocr_line' id='line_1_31' title="bbox 194 2285 1570 2333; baseline 0.001 -13"><span class='ocrx_word' id='word_1_211' title='bbox 194 2285 354 2331; x_wconf 88' lang='lat' dir='ltr'><strong>gendum</strong></span> <span class='ocrx_word' id='word_1_212' title='bbox 380 2290 447 2329; x_wconf 85' lang='lat' dir='ltr'><strong>est,</strong></span> <span class='ocrx_word' id='word_1_213' title='bbox 474 2286 572 2331; x_wconf 88' lang='lat' dir='ltr'><strong>quod</strong></span> <span class='ocrx_word' id='word_1_214' title='bbox 598 2287 727 2322; x_wconf 89' lang='lat' dir='ltr'><strong>dicunt</strong></span> <span class='ocrx_word' id='word_1_215' title='bbox 750 2287 820 2322; x_wconf 86' lang='lat' dir='ltr'><strong>hac</strong></span> <span class='ocrx_word' id='word_1_216' title='bbox 845 2287 890 2323; x_wconf 89' lang='lat' dir='ltr'><strong>de</strong></span> <span class='ocrx_word' id='word_1_217' title='bbox 915 2297 954 2323; x_wconf 85' lang='lat' dir='ltr'><strong>re</strong></span> <span class='ocrx_word' id='word_1_218' title='bbox 980 2291 1025 2324; x_wconf 80' lang='lat' dir='ltr'><strong>A.</strong></span> <span class='ocrx_word' id='word_1_219' title='bbox 1051 2287 1255 2329; x_wconf 84' lang='lat' dir='ltr'><strong>Muellerus</strong></span> <span class='ocrx_word' id='word_1_220' title='bbox 1279 2299 1316 2333; x_wconf 91' lang='lat' dir='ltr'><strong>p.</strong></span> <span class='ocrx_word' id='word_1_221' title='bbox 1335 2286 1417 2323; x_wconf 86' lang='lat'><strong>335.</strong></span> <span class='ocrx_word' id='word_1_222' title='bbox 1452 2285 1570 2323; x_wconf 87' lang='lat' dir='ltr'><strong>Roth-</strong></span> 
     </span>
     <span class='ocr_line' id='line_1_32' title="bbox 189 2344 1571 2393; baseline 0 -13"><span class='ocrx_word' id='word_1_223' title='bbox 189 2355 309 2390; x_wconf 86' lang='lat' dir='ltr'><strong>mann,</strong></span> <span class='ocrx_word' id='word_1_224' title='bbox 328 2357 363 2391; x_wconf 89' lang='lat' dir='ltr'><strong>p.</strong></span> <span class='ocrx_word' id='word_1_225' title='bbox 384 2346 441 2381; x_wconf 82' lang='lat'><strong>16.</strong></span> <span class='ocrx_word' id='word_1_226' title='bbox 478 2346 520 2383; x_wconf 85' lang='lat' dir='ltr'><strong>G.</strong></span> <span class='ocrx_word' id='word_1_227' title='bbox 539 2346 737 2382; x_wconf 85' lang='lat' dir='ltr'><strong>Hermann.</strong></span> <span class='ocrx_word' id='word_1_228' title='bbox 765 2357 822 2392; x_wconf 90' lang='lat' dir='ltr'><strong>op.</strong></span> <span class='ocrx_word' id='word_1_229' title='bbox 841 2346 904 2383; x_wconf 87' lang='lat' dir='ltr'><strong>VI.</strong></span> <span class='ocrx_word' id='word_1_230' title='bbox 929 2347 962 2390; x_wconf 81' lang='lat'><strong>2,</strong></span> <span class='ocrx_word' id='word_1_231' title='bbox 987 2356 1070 2393; x_wconf 77' lang='lat' dir='ltr'><strong>pag.</strong></span> <span class='ocrx_word' id='word_1_232' title='bbox 1090 2347 1293 2384; x_wconf 83' lang='lat'><strong>133—139.</strong></span> <span class='ocrx_word' id='word_1_233' title='bbox 1328 2346 1494 2384; x_wconf 84' lang='lat' dir='ltr'><strong>Lohdius</strong></span> <span class='ocrx_word' id='word_1_234' title='bbox 1510 2344 1571 2381; x_wconf 80' lang='lat'><strong>22.</strong></span> 
     </span>
    </p>
   </div>
  </div>
 </body>
</html>
