1819 2930
743 110 1013 155 ...9-

285 229 347 273 Et
376 228 569 273 Hermes
602 228 778 286 quidem
809 228 941 272 Jovis
976 229 1050 272 ille
1082 230 1273 273 muntius
1305 230 1360 273 ad
1390 229 1569 273 Prome·

200 302 346 347 theum
378 304 559 362 propius
591 299 776 346 accedat
812 309 856 344 et
889 301 1266 356 diverbiulncum
1288 302 1446 347 Titane
1468 318 1570 346 con-

199 380 315 417 serat
347 389 534 416 necesse
575 380 640 415 est
681 387 823 430 neque
864 373 1006 430 potuit
1037 379 1206 416 tantum
1240 373 1427 430 spatium
1459 374 1572 417 inter

201 451 431 503 utrumque
463 444 696 500 interesse,
736 450 948 502 quantum
980 444 1012 487 ii
1042 444 1218 497 volunt,
1252 450 1326 502 qui
1357 443 1572 488 Hermam

200 517 245 560 in
275 517 408 575 plano
441 516 718 560 incedentem
751 516 931 560 faciunt.
988 515 1120 569 Quod
1152 515 1188 558 si
1219 515 1281 559 ita
1314 522 1403 572 est,
1444 516 1573 560 facile

198 587 482 647 intellegitur,
515 587 750 648 quomodo,
785 604 883 632 cum
917 603 1021 632 saxa
1052 603 1140 632 una
1173 604 1273 631 cum
1304 586 1571 633 Prometheo

201 666 426 717 corruant,
469 660 659 704 Hermes
692 660 835 705 subito
869 674 893 702 e
927 666 1165 719 conspectu
1203 660 1380 705 evolare
1419 660 1571 720 possit.

199 732 458 776 Evolaverit
496 733 612 776 enim
653 748 836 777 necesse
877 737 964 788 est;
1009 749 1111 776 nam
1152 749 1251 776 cum
1291 733 1337 776 in
1376 740 1574 776 extrema

198 804 448 863 tragoediae
480 811 604 864 parte
634 805 732 853 imis
766 820 935 849 summa
957 805 1139 848 confusa
1162 811 1406 863 cunctaque
1429 810 1572 848 terrae

198 876 373 935 gurgite
405 876 600 920 inhiante
640 877 845 920 immersa
885 877 1202 934 conspicimus,
1242 877 1278 920 si
1317 876 1363 919 in
1402 876 1572 935 pulpito

197 954 313 992 esset
343 948 451 1006 ipse,
489 963 578 992 non
601 947 889 992 Prometheus
921 964 1087 1006 poenas
1109 965 1135 992 a
1155 948 1273 994 Jove
1295 948 1572 992 imminentes

196 1020 398 1064 nuntiare
445 1020 645 1066 debebat.
718 1018 804 1065 Sed
854 1019 957 1079 quia
1003 1021 1179 1079 paululo
1228 1027 1399 1064 tantum
1451 1019 1572 1079 prius

196 1092 387 1136 abcessit
432 1108 563 1151 quam
619 1107 722 1137 saxa
768 1099 1070 1148 moverentur,
1120 1109 1175 1136 ex
1221 1092 1392 1151 pulpito
1440 1092 1572 1135 tacite

197 1164 380 1222 gradum
421 1165 668 1219 concitans,
708 1164 917 1222 fugientis
957 1164 1099 1222 magis
1139 1164 1290 1207 timide
1330 1180 1461 1223 quam
1503 1163 1573 1206 dei

196 1235 392 1294 graviter
422 1235 622 1280 abeuntis
656 1236 848 1294 speciem
878 1237 1123 1294 praeberet.
1172 1235 1393 1280 Sublimes
1426 1242 1572 1280 autem

197 1309 243 1351 in
276 1323 384 1350 saxo
418 1307 608 1366 quodam
641 1307 678 1350 si
709 1315 923 1364 versatur,
957 1308 1128 1351 facilius
1161 1323 1185 1351 e
1210 1314 1571 1367 conspectuevo-

196 1380 288 1425 lare
327 1385 471 1438 potest
510 1386 609 1439 post
654 1396 856 1424 scaenam
906 1380 1134 1437 ductilem,
1185 1396 1319 1439 quam
1360 1379 1504 1425 medio
1546 1396 1571 1424 e

197 1454 338 1511 logeo.
972 1506 982 1514 ν

291 1523 516 1567 Prodiisse
557 1530 701 1568 autem
742 1531 786 1568 et
818 1524 976 1568 abiisse
1011 1524 1214 1568 existimo
1246 1523 1459 1568 Hermam
1491 1539 1573 1583 per

197 1597 361 1640 scalam
394 1596 613 1654 quandam
657 1596 846 1655 positam
886 1597 1002 1641 intra
1043 1597 1255 1655 parietem
1286 1596 1493 1640 ductilem
1527 1603 1573 1638 et

198 1683 385 1712 scaenae
417 1667 620 1712 frontem.
661 1667 792 1721 Quod
826 1671 861 1712 si
893 1669 954 1713 ita
985 1675 1067 1724 est,
1100 1669 1208 1713 haec
1239 1683 1327 1712 una
1358 1667 1569 1728 quaestio,

197 1756 302 1784 num
336 1739 397 1785 Jo
430 1747 558 1799 porta
590 1741 737 1799 aliqua
772 1757 849 1785 usa
890 1742 967 1795 sit,
1009 1741 1286 1800 relinquitur.
1351 1739 1439 1785 Sed
1474 1757 1571 1783 cum

198 1827 351 1856 omnes
393 1819 564 1856 ceterae
604 1813 779 1857 fabulae
822 1828 1034 1871 personae
1075 1828 1158 1871 per
1199 1821 1384 1856 scaenae
1423 1819 1572 1870 portas

197 1899 284 1927 non
319 1884 572 1943 procedant,
607 1886 739 1931 etiam
760 1885 793 1930 J
796 1900 924 1930 onem
946 1885 1084 1944 portis
1102 1883 1315 1929 scaenicis
1337 1899 1426 1927 non
1447 1899 1571 1927 usam

198 1971 294 2000 esse
326 1956 432 2000 mihi
465 1963 532 2001 est
562 1957 811 2011 verisimile,
846 1957 923 2000 sed
955 1973 1067 2016 quae
1099 1972 1177 2017 per
1205 1962 1346 2000 terras
1369 1962 1412 2000 et
1433 1956 1572 1999 maria

199 2035 242 2073 et
274 2028 445 2073 deserta
485 2035 529 2073 et
567 2036 737 2074 montes
778 2036 962 2085 erraret,
1002 2044 1139 2089 prope
1177 2028 1486 2073 Prometheum
1526 2029 1572 2072 in
1611 2050 1619 2057 ·

199 2116 305 2145 saxo
338 2102 592 2161 apparuisse
615 2118 786 2147 censeo,
835 2102 1022 2154 Etiamsi
1043 2101 1138 2159 ipsa
1161 2101 1336 2159 quidem
1360 2101 1571 2158 queritur,

199 2189 246 2217 se
286 2173 434 2219 πλανόίν
477 2170 549 2218 nivei
589 2170 657 2218 τοῖν
697 2173 894 2227 παραλίαν
933 2170 1170 2232 ψάμμον,1)
1212 2179 1331 2218 certe
1371 2172 1572 2229 παραλίαν

276 2329 308 2373 ²)
334 2328 458 2366 Prom.
484 2328 566 2367 569.
