1819 2930
760 151 1064 197 *10-

224 267 384 329 φοίμμον
417 288 508 315 non
538 271 718 330 propria
740 271 1064 328 significatione
1087 272 1199 316 sumi
1220 257 1351 331 posse
1383 274 1604 320 neminem

222 343 377 402 fugiet.
452 343 569 388 Nam
612 333 711 403 quo·
742 350 942 402 tempore
986 343 1045 388 Jo
1097 359 1236 403 prope
1293 344 1604 391 Prometheum

224 417 501 472 morabatur,
546 432 635 461 non
672 418 765 475 jam
807 416 916 460 asilo
934 416 975 475 1)
1013 422 1175 461 vexata
1211 423 1255 460 et
1287 416 1480 462 excitata
1511 418 1604 464 sine

224 488 358 532 dubio
392 496 474 535 est.
494 489 536 547 ²)
601 488 649 533 Si
683 505 790 533 vero
823 487 1043 545 ,,οΐστρος“
1077 489 1123 532 in
1165 491 1257 546 ejus
1298 490 1475 547 querela
1515 507 1603 535 non

222 560 400 619 proprie
443 560 608 605 dictum
650 567 738 616 est,
781 560 857 604 sed
897 566 1154 620 repetuntur
1194 566 1362 606 tantum
1404 561 1605 607 miseriae

223 648 332 690 quas
360 634 452 689 jam
483 648 691 692 perpessa
733 639 819 686 est,
865 649 942 676 cur
983 633 1117 676 verba
1158 632 1383 688 ,,παραλιάν
1414 630 1604 691 ψάμμους,

222 718 473 763 premamus
517 712 561 747 et
600 704 644 747 in
687 696 817 749 litore
851 721 950 748 eam
982 706 1009 747 i.
1044 720 1081 748 e.
1115 703 1160 746 in
1193 703 1323 762 plano
1356 712 1604 749 versantem

222 776 435 820 faciamus
481 792 570 820 non
618 776 841 834 intellego.
923 775 1112 819 Accedit
1160 774 1276 833 quod
1322 775 1382 820 Jo
1429 792 1471 821 v,
1517 775 1604 822 748

223 847 489 892 Prometheo
524 848 650 892 dicit:

436 921 483 962 Τι
519 916 610 977 δῆτ’
646 917 729 978 ἐμοὶ
761 919 827 977 ζῆν
858 919 1008 975 κέρδος,
1042 916 1126 965 ἀλλ’
1162 916 1230 964 οὐκ
1262 921 1296 963 ἐν
1329 917 1447 976 τάχει

432 988 560 1047 ἔρριψ’
596 987 762 1048 ἐμαυτὴν
794 987 994 1048 τῆσὸὀῗπό
1027 992 1201 1047 στυρλοῧ
1232 991 1397 1047 πέτραςς

321 1063 453 1118 Quod
497 1059 728 1108 consilium
762 1079 787 1106 a
819 1080 928 1123 rupe
962 1079 1008 1108 se
1048 1064 1366 1123 praecipitandi
1405 1071 1497 1108 tum
1531 1065 1606 1109 de-

225 1152 343 1180 mum
384 1152 547 1196 magno
594 1152 693 1181 cum
735 1136 1028 1195 spectantium
1070 1143 1293 1181 commotu
1333 1137 1608 1196 pronuntiari

224 1215 391 1267 potest,
434 1208 470 1252 si
513 1207 572 1253 Jo
614 1208 659 1251 in
702 1224 754 1252 ea
791 1224 903 1266 rupe
940 1210 1033 1265 jam
1074 1215 1276 1253 versatur
1318 1223 1461 1267 neque
1502 1210 1607 1254 eniti

224 1280 356 1324 debet
388 1280 434 1323 in
468 1295 677 1334 acumen,
721 1280 977 1339 priusquam
1010 1287 1195 1324 mortem
1230 1280 1314 1323 sibi
1348 1281 1606 1325 consciscat.

224 1353 324 1410 Ego
348 1352 479 1396 etiam
501 1352 534 1397 J
537 1368 665 1396 onem
700 1352 929 1396 sublimem
954 1352 1108 1396 eodem
1130 1353 1276 1408 modo,
1311 1369 1397 1412 quo
1421 1353 1608 1397 Hermes

225 1425 395 1483 prodit,
446 1425 622 1481 prodire
670 1440 814 1483 neque
854 1440 933 1483 per
974 1431 1146 1483 portam
1189 1425 1395 1469 usitatam
1444 1426 1607 1485 egredi,

168 1534 174 1539 .
226 1514 371 1557 neque
404 1498 583 1542 omnino
615 1503 710 1541 tota
750 1497 795 1540 in
836 1497 985 1542 fabula
1024 1498 1160 1542 ullum
1192 1498 1346 1543 harum
1384 1504 1608 1556 portarum

228 1587 356 1615 usum
388 1571 523 1613 fuisse
556 1570 759 1614 arbitror.

319 1642 381 1686 At
423 1648 544 1687 extat
583 1641 702 1685 vasis
750 1641 925 1700 pictura
966 1656 992 1683 a
1023 1640 1196 1684 Millino
1212 1644 1255 1694 ³)
1294 1641 1437 1701 primo
1478 1641 1606 1697 edita,

229 1731 341 1773 quae
364 1731 389 1757 a
410 1713 713 1769 Scrofani0,4)
747 1714 963 1772 probante
994 1712 1241 1771 Geppertio
1258 1712 1301 1772 ⁵)
1335 1713 1396 1756 ita
1429 1713 1607 1773 exponi-

307 1835 338 1879 l)
366 1835 486 1871 Prom.
514 1834 598 1871 564.
629 1833 724 1883 χρίει
749 1847 800 1874 τις
825 1825 867 1869 αὖ
894 1847 932 1881 με
960 1826 1017 1869 τᾶν
1042 1832 1204 1870 τάλαιναν
1228 1830 1373 1880 οἶστρος.

305 1897 338 1939 ²)
367 1894 663 1932 Schoenbornius
695 1899 737 1930 ut
767 1894 1037 1930 demonstraret
1071 1893 1109 1938 (l.
1137 1904 1166 1930 c.
1193 1905 1227 1939 p.
1255 1893 1341 1939 292)
1374 1903 1418 1931 eo
1443 1899 1608 1940 tempore

226 1957 359 1992 Jonem
384 1955 477 1992 asilo
502 1965 576 1991 non
601 1958 771 1990 vexatam
806 1964 897 1998 esse,
931 1954 1062 1990 afferre
1087 1954 1210 1991 omis'it
1233 1953 1341 1990 haec:
1381 1955 1438 1998 Jo,
1473 1953 1607 1990 ceteris

227 2016 387 2052 miseriis
413 2025 436 2051 a
460 2014 682 2051 Prometheo
707 2013 888 2050 nuntiatis
915 2025 946 2050 v.
974 2014 1170 2050 880—883
1196 2013 1375 2060 loquitur:

227 2075 350 2109 ἐλελεῦ
375 2070 439 2111 ὗπᾶ
467 2068 550 2121 μάἷῖ
578 2073 753 2120 σῲάκελοδ
779 2087 807 2108 κ.
835 2087 865 2108 τ.
892 2074 918 2107 ὲ.

306 2136 338 2179 ³)
364 2135 561 2171 Peintures
587 2134 632 2171 de
658 2144 764 2170 vases
782 2133 950 2178 antiques
975 2136 1016 2170 T.
1044 2133 1093 2170 Π.
1118 2133 1168 2180 pl.
1187 2134 1264 2179 LV,
1291 2134 1389 2181 LVI,
1418 2135 1463 2171 cf.
1483 2135 1610 2169 Stuart

226 2195 320 2232 Lief.
347 2194 517 2231 XXV111.
545 2195 600 2231 Bl.
628 2195 678 2231 ΙΙ.
705 2194 786 2240 Fig.
814 2195 847 2230 8.

304 2258 339 2300 ⁴)
365 2255 544 2292 Memoire
569 2266 633 2291 sur
664 2264 736 2292 une
769 2264 854 2291 vase
888 2255 1039 2300 antique
1071 2254 1111 2290 lu
1138 2255 1160 2290 a
1184 2253 1361 2291 l'institut
1393 2254 1438 2290 de
1463 2253 1606 2289 Erance

228 2317 272 2353 de
298 2317 328 2353 Ι.
356 2316 514 2353 octobre
541 2317 646 2353 1809.

307 2377 338 2419 ⁵)
365 2377 587 2424 Geppertius
613 2376 636 2411 l.
663 2386 693 2411 c.
720 2375 937 2421 Einleitung
959 2387 983 2421 p
1022 2375 1145 2412 XXII.
