1819 2930
295 265 385 311 Sed
406 266 509 311 huic
531 265 726 325 opinioni
742 266 922 310 mimine
939 264 1270 310 adsentiendum
1287 280 1382 309 esse
1399 264 1591 309 Schoen-

221 338 400 382 bornius
432 337 748 381 demonstravit
778 337 846 380 his
877 338 969 381 fere
999 337 1172 396 gerbis:
1192 336 1230 394 ¹)
1263 335 1313 379 Si
1344 351 1464 379 mare
1492 351 1591 378 con-

221 410 331 471 spici
362 409 588 470 potuisset‚
631 408 812 454 Oceano
855 423 1030 468 quoque
1070 415 1114 452 et
1153 407 1452 453 Oceanidibus
1492 407 1593 451 inde

220 484 248 528 i.
284 498 321 527 e.
355 482 401 525 in
433 481 561 524 litore
594 481 856 525 veniendum
890 480 1059 532 fuisset,
1092 479 1137 523 id
1170 478 1288 538 quod
1318 478 1438 522 nullo
1464 479 1593 522 modo

143 551 145 553 ’
223 554 390 600 factum
422 558 501 598 est.
564 552 680 597 Nam
713 552 962 599 Oceanides
1002 568 1082 612 per
1123 557 1272 596 aerem
1311 549 1593 603 advolant‚²)

220 644 262 689 v,
300 628 385 670 128
419 641 530 684 sqq.,
565 627 669 681 280,
714 627 815 678 124,
861 627 960 677 135,
1003 631 1047 668 et
1088 624 1295 668 Oceanus
1337 639 1510 682 quoquc
1549 622 1595 665 in

220 699 335 742 alato
377 712 490 756 equo
540 712 619 756 per
666 703 822 742 aerem·
862 697 1097 751 advenit³)
1138 712 1282 756 neque
1328 695 1417 739 ullo
1457 694 1593 738 verbo

221 785 342 814 mare
393 769 530 813 oculis
577 769 744 828 adspici
791 769 1021 815 indicatur.
1092 770 1147 814 Id
1193 775 1363 813 tantum
1411 766 1595 811 concedi

217 847 377 902 potest,
418 857 539 887 mare
579 857 668 886 non
710 857 872 901 magno
914 858 940 886 a
980 858 1139 887 scaena
1187 840 1329 902 spatio
1379 846 1594 885 semotum

221 929 330 958 esse.
361 914 497 957 Nam:
1157 920 1159 922 ’

341 1001 384 1030 v.
417 986 520 1032 570.
555 1001 650 1045 sqq.
683 987 745 1030 sic
776 985 970 1046 loquitur
1000 986 1081 1031 Jo:

540 1063 646 1113 οἷλλᾶ
678 1087 725 1127 με
757 1066 826 1114 τοῖν
859 1067 1056 1123 τάλαιναν,

543 1142 584 1199 ἐξ
616 1141 744 1198 ἐνέρων
774 1147 933 1199 κυναγεῒ
964 1142 1094 1189 πλανᾶ

549 1233 591 1257 τε
624 1213 752 1272 νῆστιν
785 1212 875 1259 α’νοὶ
917 1211 1004 1258 τοῖν
1037 1214 1292 1271 παραλίαν
1325 1211 1544 1272 ψάμμον.

295 1293 379 1350 Ἐκ,
421 1298 488 1342 his
528 1299 692 1342 ultimis
734 1299 882 1343 verbis
924 1316 1101 1343 arenam
1141 1300 1187 1342 in
1227 1315 1313 1358 qua
1351 1299 1383 1343 J
1386 1315 1410 1342 ο
1460 1305 1589 1351 errat,

220 1376 399 1429 propter
429 1385 550 1414 mare
583 1370 610 1416 i.
646 1386 683 1416 e.
716 1371 833 1415 haud
865 1372 998 1429 longo
1032 1372 1086 1415 ab
1120 1385 1171 1414 eo
1205 1370 1345 1429 spatio
1377 1376 1591 1414 remotam

219 1437 314 1485 esse
345 1443 626 1502 perspicuum
658 1449 737 1487 est.
799 1442 986 1487 Accedit
1018 1442 1136 1503 quod
1159 1442 1422 1498 Oceanides,
1455 1442 1590 1485 ferra-

220 1520 483 1569 mentorum,
530 1515 688 1573 quibus
728 1515 1015 1560 Prometheus
1050 1531 1153 1558 saxo
1196 1514 1403 1574 affigitur,
1446 1514 1590 1558 sonitu

218 1584 263 1627 in
281 1585 418 1629 antris
427 1587 575 1630 audito
587 1587 641 1630 ad
655 1587 862 1631 miserum
874 1587 1190 1631 consolandum
1207 1587 1535 1631 festinaverunt.
1545 1586 1588 1643 ⁴²)

307 1657 469 1701 Portae
510 1665 655 1702 autem
698 1658 925 1702 scaenicae
965 1666 1072 1718 quot
1110 1673 1291 1703 numero
1333 1658 1589 1716 plerumque

217 1728 379 1772 fuerint
409 1730 456 1773 in
486 1730 726 1789 tragoediis
749 1746 959 1789 quaerere
981 1731 1159 1774 minime
1180 1730 1371 1789 pertinet
1392 1730 1448 1773 ad
1469 1745 1589 1788 prae-

217 1807 386 1844 sentem
419 1801 668 1857 materiam,
711 1800 917 1860 quoniam
954 1802 999 1844 in
1031 1802 1287 1846 Promethei
1322 1817 1501 1856 scaena,
1542 1809 1590 1845 ut

218 1886 274 1915 ex
306 1871 360 1916 iis
394 1888 505 1932 quae
548 1873 636 1917 dixi
680 1874 783 1918 satis
824 1882 975 1933 patere
1015 1874 1121 1918 mihi
1160 1873 1334 1918 videtur
1363 1880 1588 1933 portarum

293 2126 307 2147 ι

292 2125 325 2228 ²}
352 2124 391 2220 id
404 2126 622 2223 οαοξανξῗὶῗε
647 2170 743 2222 infra
768 2186 1079 2223 demonstrabitur
1102 2198 1136 2232 p.
1156 2186 1212 2223 17.
1240 2198 1316 2233 sqq.

286 2245 318 2288 ³)
346 2256 378 2281 V.
406 2245 487 2282 288.
517 2246 585 2291 (ed.
606 2246 838 2283 Hermannus
863 2247 1028 2283 Berolini
1053 2246 1162 2291 1859)
1188 2240 1244 2282 τᾶν
1276 2244 1466 2294 πτιρυγωκῆ
1494 2245 1585 2286 τόνδι

215 2297 324 2341 οἰωνόν
348 2304 458 2355 γνώμῃ
484 2304 628 2352 στομίων
652 2298 731 2353 ἔτερ
758 2303 903 2342 εὐθύνων
930 2305 983 2342 Cf.
1010 2317 1042 2342 V.
1068 2307 1151 2343 396.

290 2366 323 2409 ⁴)
351 2377 383 2402 v.
412 2365 493 2411 133,
520 2365 600 2403 134.
