1819 2930
726 147 1075 204 .-34-

232 265 485 325 priusquam
534 265 579 308 in
626 266 854 325 tragoedia
909 266 1076 310 vicerat
1123 264 1195 311 Ol.
1235 266 1306 321 77,
1358 267 1400 309 4.
1471 266 1610 313 Porro

234 337 481 396 Aeschylus
514 354 601 382 non
630 338 762 397 prius
804 338 969 398 recepit
1007 338 1052 382 in
1091 337 1263 382 fabulas
1301 353 1401 381 suas
1433 340 1610 385 tertium

233 418 441 467 actorem,
475 418 708 470 antequam
741 411 920 470 publica
950 411 1049 469 lege
1081 411 1303 455 institutus
1337 417 1452 467 erat;
1489 415 1610 472 atqui

233 484 278 526 in
299 483 562 527 Prometheo
592 490 681 526 tres
715 489 888 527 actores
921 498 1029 542 opus
1064 489 1200 539 erant,
1235 498 1341 542 ergo
1376 499 1427 528 ea
1458 485 1610 529 fabula

232 572 320 599 non
360 563 462 600 ante
502 554 572 599 Ol.
611 556 681 610 77,
720 557 749 600 4
791 556 1024 611 commissa
1065 560 1198 606 est.¹)
1261 556 1387 600 Haec
1436 572 1609 615 quoque

232 626 554 686 argumentatio
587 627 845 685 praesertim
878 627 962 671 duo
997 626 1173 670 exhibet
1204 626 1309 670 vitia
1340 626 1619 686 dijudicanti*

231 698 524 757 Nequaquam
558 701 674 743 enim
708 699 813 743 satis
844 706 966 757 patet
997 699 1043 742 in
1074 699 1158 742 hoc
1189 699 1338 742 fabula
1369 698 1507 743 tribus
1540 716 1608 743 ac-

232 766 400 814 toribus
434 785 543 829 opus
576 785 693 826 esse,
733 770 831 825 sed,
865 776 927 827 ut7
960 769 1107 829 paullo
1139 770 1253 814 infra
1284 770 1607 829 demonstrabo,

234 843 319 887 duo
353 859 531 901 prorsus
563 851 720 902 poe'tae
753 844 952 888 sufficere
985 850 1219 902 potuerunt
1249 838 1479 900 ὑποκριταῖς
1516 854 1609 888 tum

232 916 406 959 etiamsi
454 916 506 959 de
559 916 687 959 tertio
736 922 884 960 actore
938 931 1037 958 cum
1084 913 1457 960 Sommerbrodtio
1506 932 1606 960 con-

231 988 403 1031 venerit
434 988 548 1031 inter
579 988 697 1031 viros
732 988 904 1043 doctos,
947 994 1093 1030 tamen
1132 1004 1188 1031 ne
1226 1002 1282 1029 ex
1314 988 1398 1030 hoc
1431 988 1606 1046 quidem

232 1075 278 1103 re
313 1060 420 1103 certi
452 1059 617 1118 aliquid
651 1060 793 1104 conici
824 1059 974 1104 licebit
1008 1061 1060 1104 de
1092 1066 1309 1119 tempore·
1353 1058 1470 1103 Nam
1500 1075 1605 1119 quo-

232 1149 318 1191 quo
359 1140 555 1193 tempore
589 1131 831 1191 Sophocles
874 1133 920 1176 in
959 1133 1185 1191 tragoedia
1225 1149 1324 1176 cum
1362 1133 1500 1176 tribus
1537 1149 1606 1176 ac-

230 1205 399 1249 toribus
439 1204 567 1259 vicit,
617 1221 745 1250 nemo
786 1206 1084 1249 demonstrare
1128 1206 1310 1264 poterit,
1358 1219 1458 1249 eum
1506 1212 1606 1248 ante

231 1278 343 1320 hanc
376 1277 607 1321 victoriam
640 1285 788 1322 actore
820 1278 948 1322 tertio
982 1278 1158 1325 omnino
1181 1276 1442 1322 abstinuisae
1464 1293 1607 1336 neque

231 1350 487 1409 exposuisse
522 1352 617 1409 jam
655 1358 756 1394 ante
790 1352 860 1395 Ol.
888 1352 957 1406 77,
991 1354 1035 1395 4.
1069 1354 1113 1395 in
1153 1351 1281 1395 tertio
1322 1357 1469 1394 actore
1509 1366 1606 1409 pro·
1633 1357 1636 1360 ’

230 1424 431 1467 ducendo
466 1425 715 1483 exemplum
749 1424 905 1468 ceteris
937 1424 1078 1482 poetis
1111 1425 1165 1468 ad
1197 1422 1465 1467 imitandum.

320 1497 477 1555 Itaque
525 1496 711 1540 victoria
759 1495 828 1540 Ol.
857 1494 926 1551 77,
961 1497 1005 1541 4.
1054 1514 1079 1542 a
1118 1495 1337 1556 Sophocle
1384 1501 1607 1554 reportata

230 1569 396 1611 nullam
431 1569 607 1611 omnino
650 1569 864 1612 rationem
895 1569 1099 1615 stabilem
1130 1569 1325 1626 praebet,
1360 1583 1472 1625 quae
1506 1568 1605 1610 sub-

233 1655 328 1682 esse
362 1640 500 1698 possit
531 1638 894 1684 Sommerbrodtii
927 1640 1181 1684 sententiae.

323 1712 527 1756 Ceterum
562 1713 827 1757 monendum
860 1720 938 1768 est,
978 1713 1092 1772 apud
1124 1712 1396 1771 Aeschylum
1428 1711 1604 1755 tertium

230 1791 422 1828 actorem
465 1785 595 1828 statui
635 1801 762 1844 posse
810 1787 894 1829 nisi
942 1802 1076 1845 quum
1124 1792 1211 1828 tres
1260 1791 1428 1828 actores
1478 1784 1605 1827 simul

232 1858 549 1916 colloquantur,
582 1858 626 1902 id
660 1860 776 1917 quod
809 1859 853 1903 in
886 1866 1035 1903 nostra
1067 1857 1293 1917 tragoedia
1314 1873 1403 1901 non
1423 1857 1602 1901 faciunt.

320 1930 518 1974 Fuerunt
558 1932 633 1990 qui
674 1933 914 1976 secundum
962 1933 1169 1975 virtutem
1210 1938 1253 1974 et
1291 1929 1603 1989 praestantiam

228 2004 552 2061 tragoediarum
590 2006 720 2048 aliam
752 2011 851 2063 post
882 2005 1012 2048 aliam
1034 2004 1251 2062 fingentes
1276 2003 1449 2045 doctam
1473 2001 1602 2045 etiam

229 2075 493 2119 Prometheo
527 2092 653 2119 suum
686 2077 905 2134 quendam
946 2078 1093 2120 locum
1133 2082 1176 2118 et
1214 2081 1383 2132 tempus
1420 2075 1602 2132 impert-

228 2147 364 2204 irent3
407 2149 482 2192 sed
523 2165 654 2207 quam
695 2148 836 2193 inanis
854 2150 926 2193 ‘sit
956 2149 1055 2193 talis
1088 2147 1431 2207 argumentati0‚
1473 2161 1601 2190 nemo

228 2221 463 2278 ignorabit.
954 2226 957 2228 ’

303 2391 335 2432 ¹)
364 2390 418 2427 Cf.
446 2388 727 2426 Sommerbrodt.
755 2389 778 2425 1.
806 2399 836 2425 c.
862 2399 897 2435 p.
925 2387 984 2423 55.
1011 2388 1068 2425 56.
