1819 2930
721 137 1022 183 ..4ςῖ-

191 256 317 315 ponit
347 255 616 301 Welckerus
634 262 675 310 ¹)
708 273 798 301 non
830 258 1019 303 libenter
1060 260 1296 318 accipiam,
1338 260 1441 318 quia
1480 276 1570 304 non

191 327 430 371 verisimile
463 333 550 383 est,
592 325 823 373 Oceanum
864 330 950 374 alio
992 330 1171 376 animali
1207 347 1334 375 usum
1376 347 1473 376 esse
1514 333 1570 378 ad

190 399 427 443 volandum
466 415 599 457 quam
637 400 777 454 filiae,
818 417 931 460 quae
972 418 1028 445 ex
1068 403 1223 447 eodem
1262 404 1372 447 mari
1411 404 1569 448 itinere

192 470 346 514 eodem
380 470 648 516 advolabant
678 471 734 516 ad
766 471 1092 518 Prometheum.

283 541 525 600 Droysenii
543 548 586 596 2)
609 543 717 588 illud
750 545 1051 603 „gaukelndes
1081 548 1329 590 Meerross“
1350 547 1572 606 vituperat

190 613 612 674 Schoenbornius³)
645 615 734 674 qui,
777 616 946 675 opinor,
980 617 1088 662 illud
1121 618 1378 677 „gaukeln“
1409 634 1569 678 nequa-

192 702 325 744 quam
353 690 458 730 'cum
480 687 737 745 tragoediae
759 689 979 746 gravitate
1003 690 1239 733 convenire
1261 697 1400 748 putat.
1450 690 1569 743 Quid

191 758 309 802 enim
342 746 563 817 significet
585 759 843 817 „gaukeln“
874 767 1047 819 praeter
1079 761 1274 817 „sensim
1308 762 1400 806 sine
1440 778 1569 807 sensu

177 832 403 887 *moveri‘ss
445 830 650 889 equidem
691 846 778 875 non
821 832 1053 891 exquirere
1093 848 1295 893 possum‘⁷
1335 833 1382 878 id
1423 841 1570 879 autem

191 890 356 961 optime
388 901 621 961 intellego,
647 902 849 947 ⁴bestiam
880 903 1016 962 pedes
1048 919 1126 967 seu
1159 912 1291 965 caput
1320 913 1571 951 moventem

188 989 466 1033 nequaquam
507 975 743 1019 convenire
784 991 885 1019 cum
926 976 1073 1020 verbis
1107 976 1277 1021 Oceani
1320 984 1365 1023 et
1404 985 1570 1038 specta—

188 1052 335 1090 torum
368 1046 584 1099 sensibus,
619 1046 773 1105 quales
808 1062 904 1091 esse
936 1047 1126 1093 debeant
1156 1049 1202 1092 in
1233 1051 1472 1108 tragoedia.

280 1118 438 1177 Itaque
462 1117 668 1164 Oceanus
702 1134 815 1178 equo
851 1120 964 1163 alato
997 1136 1099 1164 usus
1133 1137 1227 1165 esse
1260 1121 1366 1165 mihi
1397 1122 1571 1167 videtur

188 1189 427 1245 maritimo,
471 1191 666 1248 ejusdem
700 1190 898 1248 generis,
942 1185 1064 1249 cujus
1107 1199 1230 1237 erant
1261 1193 1362 1252 equi
1395 1209 1570 1238 currum

190 1261 378 1305 filiarum
413 1262 637 1305 vehentes.

281 1332 442 1377 Restat
483 1340 532 1377 ut
574 1333 703 1390 alias,
747 1349 861 1392 quae
900 1334 946 1377 in
986 1335 1250 1381 Prometheo
1292 1336 1566 1394 adhibentur,

188 1405 412 1448 machinas
437 1420 789 1461 commemorem,
824 1406 1055 1451 bronteum
1090 1414 1133 1452 et
1155 1425 1566 1468 ceraunoscopeum,

188 1476 241 1520 de
275 1477 433 1536 quibus
460 1474 594 1535 >quam
627 1492 768 1535 pauca
789 1494 815 1522 a
838 1477 1024 1523 Graecis
1046 1479 1153 1538 ipsis
1174 1481 1309 1526 verba
1331 1482 1568 1527 afferantur

188 1556 234 1594 et
265 1555 439 1593 veteres
472 1556 516 1593 et
548 1550 624 1608 qui
663 1566 781 1594 nunc
822 1557 924 1595 sunt
958 1551 1042 1595 viri
1075 1551 1194 1596 docti
1225 1561 1565 1613 conqueruntur.

581 1694 661 1739 De
702 1710 1168 1756 ceraunoscopeO.

280 1807 485 1846 Extrema
532 1801 785 1847 Promethei
839 1810 966 1863 parte
1009 1803 1118 1849 imis
1166 1821 1335 1851 summa
1382 1806 1566 1852 confusa

184 1874 385 1917 videmus
418 1882 463 1917 et
494 1874 783 1919 Prometheus
824 1875 932 1934 ipse,
974 1876 1227 1936 priusquam
1268 1885 1412 1922 terrae
1443 1880 1565 1924 hiatu

183 1945 481 2001 hauriebatur,
514 1945 624 1989 haec
658 1946 785 1991 dicit:

260 2115 291 2158 ¹)
319 2113 506 2158 Welcker‚
532 2113 557 2151 1.
583 2124 612 2150 c.
640 2125 675 2160 p.
702 2114 760 2150 25.
786 2115 844 2152 26.
1113 2142 1115 2144 -

260 2175 293 2218 ²)
320 2173 344 2210 1.
371 2184 401 2209 c.
428 2185 464 2220 p.
491 2173 574 2210 421.
627 2173 734 2218 „Von
760 2174 827 2211 der
851 2176 1049 2213 Meerseite
1080 2177 1149 2214 her
1181 2178 1321 2215 kommt
1351 2179 1417 2216 der
1442 2180 1562 2226 greise

182 2233 352 2270 Oceanus
377 2232 446 2269 auf
468 2233 607 2269 seinem
633 2233 869 2279 gaukelnden
893 2234 1207 2281 Flagelmeerross
1241 2238 1357 2275 durch
1388 2240 1447 2276 die
1472 2239 1563 2276 Luft

178 2292 483 2339 hereingeritten,
510 2292 568 2329 bis
593 2302 659 2329 vor
683 2293 929 2331 Prometheus
955 2295 1115 2332 Felsem

255 2352 288 2396 ⁸)
314 2351 338 2388 1.
366 2361 397 2388 e.
422 2363 461 2399 p.
487 2351 570 2389 295.
