1819 2930
772 155 1044 200 ..6-

221 275 359 320 Nulla
380 275 517 335 igitur
534 275 671 320 aulaei
695 276 858 321 mentio
876 275 926 320 fit
942 275 1056 336 apud
1074 276 1312 336 spriptores
1326 274 1525 321 Graecos
1544 278 1599 338 ¹),

223 348 344 392 nulla
377 347 533 391 deinde
567 364 700 392 causa
729 349 826 404 fuit,
863 365 940 392 cur
978 342 1158 411 propter
1193 348 1365 392 fabulas
1406 350 1599 407 agendas

224 420 378 464 aulaeo
422 435 531 481 opus
565 425 693 464 esset.
719 424 761 473 ²)
804 420 1030 476 Quantum
1069 420 1258 479 denique
1298 420 1488 478 spatium
1530 438 1600 466 ex-

223 492 431 551 plendum
464 493 559 548 fuit,
602 492 639 535 si
670 494 818 537 velum
849 494 985 552 pandi
1016 509 1096 552 pro
1136 508 1296 537 scaena
1329 492 1602 538 Graecorum

223 564 448 607 volumus!
498 564 717 623 Equidem
767 581 971 610 scaenam
1015 565 1169 610 aulaeo
1216 565 1474 610 instructam
1513 581 1602 611 non

225 638 360 681 fuisse
391 653 471 696 pro
506 644 625 681 certo
658 638 801 683 habeo
835 646 968 697 atque
1002 640 1095 697 jam
1140 638 1246 696 quid
1279 638 1416 681 oculis
1449 653 1602 682 eorum

226 709 300 767 qui
334 707 607 768 spectabant
626 725 672 753 se
705 711 973 769 proebuerit,
1008 726 1229 770 quaeram.

317 780 379 824 Et-
411 780 736 840 simplicissima
759 783 956 840 quidem,
990 789 1037 826 ut
1063 784 1157 842 jam
1190 782 1296 836 dixi,
1330 797 1490 825 scaena
1522 781 1605 825 fuit

226 853 494 897 Promethei.
549 854 663 897 Nam
698 870 777 913 per
799 861 937 899 totam
958 854 1153 899 fabulam
1176 853 1285 898 nihil
1308 853 1603 913 conspicimus

226 925 311 969 nisi
360 925 543 970 arduam
591 927 784 985 aliquam
825 943 978 985 rupem
994 931 1037 979 ³)
1085 930 1131 970 in
1179 928 1354 971 deserta
1392 925 1603 989 Scythiae

226 998 408 1057 regione
431 998 575 1041 sitam.
632 998 774 1058 quue
807 1014 860 1043 ex
892 999 1040 1043 multis
1072 999 1200 1058 hujus
1221 998 1474 1057 tragoediae
1495 997 1603 1042 locis

227 1076 422 1129 apparet.
439 1071 481 1129 4τ)

319 1141 636 1187 Proseaenium
676 1142 811 1204 igitur
849 1144 980 1204 plane
1019 1159 1206 1188 vacuum
1247 1159 1391 1203 neque
1429 1143 1519 1188 ulla
1558 1158 1606 1188 re

228 1221 485 1259 exornatum
535 1223 613 1259 est.
685 1217 811 1261 Idem
861 1217 993 1260 sentit
1031 1215 1409 1274 Schoenbornius3
1429 1220 1471 1268 ⁵)
1522 1215 1605 1259 dis-

228 1288 421 1331 sentiunt
452 1288 728 1348 Droysenius
767 1296 810 1334 et
841 1291 1087 1335 Donnerus.

319 1360 380 1402 Et
409 1360 683 1417 Droysenius
707 1362 884 1419 quidem
900 1366 943 1414 6)
977 1362 1091 1404 hanc
1114 1376 1209 1404 esse
1242 1376 1419 1405 saeuam
1436 1366 1574 1418 putat.
1595 1375 1604 1401 :

228 1431 333 1476 litus
367 1432 516 1487 maris,
559 1431 616 1475 ad
649 1433 820 1477 laevam
854 1449 974 1477 mare
1007 1440 1223 1492 apertum,
1256 1442 1387 1492 rupes
1410 1432 1606 1476 desertas

228 1504 284 1549 ad
317 1495 588 1549 de'xteramf‘

308 1661 340 1705 ¹)
367 1660 413 1697 cf.
438 1661 637 1697 Harmsnn.
664 1660 838 1713 philolog.
868 1662 972 1697 1861.
999 1673 1034 1706 p.
1061 1659 1144 1696 565.

306 1722 340 1765 ²)
366 1721 462 1757 Nam
487 1720 633 1757 etiamsi
659 1732 726 1767 pro
752 1721 946 1767 explorato
972 1721 1182 1767 accipimus,
1213 1719 1310 1765 quod
1336 1720 1377 1756 Ο.
1404 1719 1607 1756 Muellerus

230 1781 304 1825 (die
330 1781 561 1816 Eumeniden
587 1770 651 1817 des
669 1780 873 1827 Aeschylus
891 1780 1089 1825 Gottingae
1110 1780 1214 1816 1833.
1234 1791 1270 1826 p.
1290 1779 1386 1823 105.)
1416 1779 1460 1814 de
1478 1779 1607 1815 aulaeo

230 1841 267 1876 in
285 1840 552 1876 Eumenidibus
570 1840 736 1877 adhibito
754 1840 897 1876 erudite
915 1840 1100 1884 disseruit,
1127 1845 1250 1876 tamen
1266 1839 1304 1875 id
1321 1839 1369 1874 ad
1384 1838 1608 1874 Eumenides

232 1904 376 1936 tantum
402 1900 563 1946 pertinet
590 1911 707 1946 neque
738 1900 837 1936 valet
871 1900 909 1935 in
935 1899 1158 1936 Prometheo
1191 1903 1257 1935 aut
1287 1898 1326 1934 in
1351 1898 1435 1935 aliis
1459 1897 1605 1934 fabulis.

310 1962 343 2005 ³)
372 1960 550 1997 Similiter
573 1962 605 1998 J.
626 1961 668 1997 G.
688 1961 943 1997 Rothmannus
969 1960 1049 2004 (das
1067 1958 1395 2005 Theatergebaude
1421 1970 1468 1995 zu
1485 1957 1608 1994 Athen
1630 1964 1650 1985 ⁶

233 2022 343 2057 nebst
381 2021 460 2057 drei
508 2020 849 2066 lithographischen
888 2020 1160 2065 Abbildungen.
1222 2019 1296 2055 Ein
1332 2019 1484 2064 Beitrag
1526 2029 1608 2054 zum

234 2081 403 2117 Studium
430 2081 496 2116 der
521 2092 574 2126 gr.
603 2080 813 2125 Tragodie).
857 2080 1061 2126 Torgoviae
1086 2079 1192 2116 1852.
1211 2091 1246 2125 p.
1266 2081 1323 2114 11.
1351 2078 1405 2114 Cf.
1431 2077 1609 2122 Philologi

163 2146 165 2149 ’
230 2142 275 2177 Τ.
302 2141 442 2177 xxm.
467 2153 502 2186 p.
530 2140 612 2176 295.

307 2204 340 2245 ⁴)
367 2212 460 2238 vers.
489 2203 522 2245 1,
560 2201 616 2244 15,
650 2201 707 2245 20,
743 2202 801 2244 31,
829 2201 888 2243 56,
924 2199 1002 2243 140,
1039 2199 1121 2243 749,
1151 2199 1260 2242 102ος
1301 2198 1404 2244 (edit.
1442 2197 1483 2234 G.
1514 2197 1608 2233 Her-

230 2272 386 2299 manuus
411 2262 533 2298 Berol.
561 2261 681 2306 1859.)

313 2325 344 2366 ⁵)
372 2323 442 2359 Die
469 2322 590 2358 Skene
615 2322 680 2359 dcr
704 2322 896 2359 Hellenen.
948 2320 1096 2366 Lipsiae
1123 2319 1229 2357 1858.
1255 2330 1290 2366 p.
1309 2319 1393 2356 289.

233 2429 235 2432 v
311 2385 342 2426 θ’)
371 2384 413 2419 In
440 2383 606 2420 versione
625 2382 798 2432 Aeschyli
815 2381 1098 2430 tragoediarum.
1142 2379 1307 2416 Berolini
1333 2377 1436 2415 1842.
1463 2389 1498 2424 p.
1525 2375 1607 2412 409.
