1819 2930
724 141 1028 196 ...⁴11-

193 277 265 315 tur
287 276 335 313 ut
356 270 412 313 sit
432 270 464 314 J
467 283 492 313 o
515 285 593 328 per
614 275 785 328 portam
817 271 984 314 intrans
1005 271 1049 313 in
1073 270 1356 316 orchestram.
1406 271 1567 325 Audio,

194 342 270 388 sed
313 342 586 400 gravissimis
625 341 868 386 rationibus
903 343 997 402 jam
1043 337 1359 386 demonstravit
1397 343 1568 387 Wiese-

193 415 391 470 lerus,1)
425 414 538 458 hanc
571 414 787 473 picturam
826 413 880 457 ad
912 414 1127 458 theatrum
1159 414 1279 459 nullo
1312 414 1442 459 modo
1475 430 1571 459 esse

193 486 484 532 referendam.
1181 493 1184 497 ’

284 558 515 613 Quomodo
549 565 694 603 autem
725 573 805 617 per
836 558 923 601 loci
956 565 999 601 et
1032 558 1221 603 aedificii
1252 565 1454 604 naturam
1477 559 1570 602 fieri

194 631 410 689 potuerit,
461 637 508 673 ut
554 630 683 688 hujus
724 630 978 688 tragoediae
1020 637 1064 673 et
1103 637 1275 675 actores
1326 637 1371 673 et
1416 631 1572 673 chorus

194 690 403 735 sublimes
436 696 719 749 apparerent,
764 691 801 734 si
835 691 1107 749 quaerimus,
1150 688 1510 734 Schoenbornius
1528 689 1571 747 2)

188 762 371 821 <quidem
419 762 598 806 minime
646 762 838 817 dubitat,
893 762 1000 820 quin
1053 768 1251 806 veterum
1299 761 1570 806 Graecorum

194 850 354 879 scaena
385 834 448 878 ita
481 834 613 879 fuerit
646 835 895 890 constituta,
928 840 977 877 ut
1009 833 1186 878 fabulae
1209 833 1418 878 sublimes
1441 849 1573 892 supra

195 907 411 965 pulpitum
443 913 693 965 agerentur.
758 905 1018 965 Superiores
1057 906 1173 949 enim
1207 921 1393 950 scaenae
1425 912 1572 964 partes

193 978 390 1037 porticus
432 978 660 1022 continuas
700 978 927 1023 habebant
965 985 1009 1022 et
1049 977 1207 1022 chorus
1247 984 1291 1021 et
1322 984 1494 1023 actores
1526 977 1572 1021 in

195 1066 269 1095 eas
300 1050 478 1109 prodire
511 1056 761 1109 potuerunt,
797 1066 909 1108 quae
941 1050 1135 1109 porticus
1167 1050 1244 1105 ibi,
1279 1050 1451 1094 etiamsi
1482 1066 1572 1094 non

197 1138 370 1182 semper
400 1123 597 1177 fuerunt,
630 1129 778 1166 tamen
811 1123 972 1166 tabulis
1003 1123 1077 1166 vel
1108 1122 1308 1166 trabibus
1338 1122 1495 1181 positis
1527 1122 1573 1166 in

194 1195 343 1253 pluteo
353 1228 365 1250 ,
408 1195 532 1253 cujus
573 1201 691 1237 certe
731 1194 776 1237 in
810 1194 1073 1252 quibusdam
1104 1194 1286 1238 theatris
1320 1201 1473 1238 extant
1502 1210 1572 1238 re-

194 1266 377 1325 liquiae,
420 1265 628 1309 facillime
669 1265 785 1309 effici
824 1271 1073 1324 potuerunt.
1092 1266 1133 1324 ³)
1198 1266 1259 1309 Et
1306 1281 1572 1324 quamquam

194 1338 416 1393 Lohdius,
435 1343 477 1390 ⁴)
521 1338 712 1382 Texiero
747 1345 937 1394 auctore,
956 1337 997 1395 ⁵)
1038 1338 1331 1383 fenestrarum
1364 1344 1572 1397 antepag-

194 1418 342 1454 menta
383 1427 478 1455 esse
519 1411 614 1454 vult
655 1427 706 1453 ea
749 1425 860 1469 quae
901 1412 1051 1470 plutea
1084 1411 1175 1454 sive
1208 1410 1438 1455 maeniana
1473 1410 1570 1454 dico

194 1483 329 1528 fuisse
377 1483 618 1528 secundum
660 1484 932 1537 Vitruvium,
951 1482 988 1538 ⁶)
1030 1490 1179 1527 tamen
1221 1483 1413 1528 rationes
1462 1499 1570 1542 quas

195 1557 325 1600 affert
371 1555 568 1599 Lohdius
626 1570 910 1615 nequaquam
965 1555 1072 1598 mihi
1123 1555 1329 1600 videntur
1375 1556 1570 1600 refellere

194 1626 514 1672 Schoenbornii
546 1627 599 1672 de
637 1628 787 1687 pluteo
830 1627 1115 1682 sententiam,
1162 1643 1292 1687 quam
1337 1644 1393 1672 ex
1424 1628 1569 1672 oculo-

273 1833 304 1874 1)
333 1831 663 1878 Theatergebaude
701 1832 777 1869 und
810 1832 1038 1870 Denkmaler
1076 1833 1140 1869 des
1174 1832 1472 1870 Biihnenwesens
1511 1833 1570 1869 bei

195 1892 265 1928 den
292 1892 474 1929 Griechen
500 1893 575 1929 und
600 1893 771 1930 Romern.
823 1893 1021 1939 Gottingae
1050 1893 1152 1930 1851.
1180 1904 1215 1940 p.
1242 1892 1299 1929 34.

271 1954 304 1997 ²)
331 1953 355 1988 1.
382 1963 411 1988 c.
437 1964 474 1999 p.
499 1953 583 1989 294.

271 2014 304 2057 ³)
331 2013 416 2049 vide
444 2013 756 2050 Schoenbornium
784 2013 806 2049 l.
836 2025 864 2049 c.
891 2026 925 2059 p.
954 2013 1011 2050 27.
1040 2025 1117 2059 sqq.

272 2075 305 2116 4>
332 2074 356 2109 1.
385 2081 414 2109 e.
442 2084 479 2120 p.
506 2076 540 2110 1.

275 2135 307 2177 ⁵)
336 2133 490 2169 Texier:
543 2133 802 2179 „Description
847 2133 891 2169 de
933 2133 1049 2170 l’Asie
1094 2133 1257 2169 mineure
1300 2133 1373 2168 tab.
1413 2132 1493 2169 232.
1534 2137 1572 2168 et

194 2193 344 2229 Freder.
376 2193 565 2231 Wieseler.
603 2195 626 2230 l.
654 2204 684 2230 e.
710 2205 745 2240 p.
773 2194 806 2229 5.
846 2194 914 2230 No.
945 2194 999 2229 16.
1052 2193 1239 2239 „L'ordre
1280 2193 1469 2238 superieur
1514 2198 1571 2228 est

195 2253 370 2299 supporte
407 2263 475 2300 par
512 2254 576 2290 des
612 2254 829 2299 piedestaux
867 2254 1048 2298 tres-bam
1089 2254 1229 2301 chaque
1267 2254 1397 2300 couple
1433 2253 1477 2290 de
1509 2263 1568 2290 co-

195 2313 323 2350 lonnes
348 2319 454 2361 porte
480 2326 530 2351 un
556 2313 703 2352 fronton
729 2317 823 2352 etc.“

272 2375 304 2418 ⁶)
331 2375 388 2411 De
413 2375 663 2412 architectura
687 2375 730 2411 V.
758 2374 790 2410 7.
