1819 2930
751 129 818 171 .—'
875 133 936 177 24
993 155 1054 169 —-

172 315 174 317 ι
215 267 404 298 scaenae
426 253 548 296 frons
572 252 671 297 luce
693 253 924 312 repentina
944 252 1159 297 illustrata
1190 251 1267 310 sit3
1300 267 1456 311 nempe
1478 251 1597 296 illam

218 342 406 371 scaenae
442 325 630 369 frontem
672 341 771 370 cum
813 342 902 369 non
943 324 1177 369 admodum
1227 324 1360 369 fuerit
1407 325 1452 367 in
1493 324 1596 369 solis

218 399 315 443 luce
356 397 523 457 posita,
571 398 766 442 laternae
815 397 951 441 radiis
990 397 1210 456 refulgere
1246 396 1450 457 ‘potuisse
1492 395 1596 440 dicit

217 470 525 515 Schneiderus.
598 468 709 522 Quis
750 477 896 514 autem
945 476 1012 513 est
1061 469 1167 528 quin
1207 483 1433 525 scaenam,
1484 483 1596 526 quae

217 542 349 587 fuerit
400 548 588 602 angusta
626 541 672 585 in
713 540 991 600 longitudine
1029 547 1232 600 porrecta
1279 540 1458 585 omnino
1507 556 1596 584 non

217 615 422 660 habuisse
433 616 618 659 obscura
626 615 724 658 loca
734 615 966 658 concedat!
979 612 1159 673 Optime
1168 614 1303 671 igitur
1312 612 1543 658 Genellius
1554 613 1594 665 ¹)

218 687 352 731 colles
392 687 492 730 illos
531 685 704 745 apricos
745 685 972 730 admonuit
1012 691 1113 730 ante
1157 700 1266 744 quos
1306 684 1451 729 medio
1504 685 1596 729 sole

216 767 416 803 veterum
449 759 624 803 fabulae
657 760 917 817 agebantur.

311 831 469 892 Neque
519 830 649 875 etiam
691 829 889 875 Lohdius
907 830 949 883 ²)
984 828 1191 875 abhorret
1239 845 1265 872 a
1314 829 1594 874 describendi

217 905 337 949 illam
354 904 603 948 machinam
621 911 793 956 conatu,
804 903 879 962 qui
889 902 1197 961 colophoniam
1213 902 1361 946 nescio
1373 902 1595 961 quomodo

218 977 455 1021 cribratam
475 976 708 1034 fulminare
739 991 819 1035 per
841 990 1046 1019 scaenam
1080 973 1235 1018 suadet
1267 980 1315 1018 ut
1338 974 1595 1033 cogitemuS.

310 1050 410 1093 Hac
438 1049 484 1092 in
515 1064 563 1092 re
595 1055 685 1093 tam
709 1049 896 1093 obscura
926 1047 1035 1090 nihil
1060 1053 1196 1090 restat
1218 1063 1350 1105 quam
1383 1053 1432 1091 ut
1463 1046 1597 1104 conji-

220 1121 386 1166 ciamus
413 1137 468 1164 ex
491 1120 668 1164 nomine
701 1125 745 1162 et
775 1119 840 1163 rei
871 1126 1041 1163 natura.

308 1190 425 1245 Quia
459 1192 575 1236 enim
608 1187 803 1248 περιακτή
834 1190 1102 1246 nominatur,
1137 1197 1254 1234 certe
1283 1189 1485 1246 machina
1515 1189 1598 1234 fuit

218 1281 331 1325 quae
384 1264 487 1310 dum
535 1264 914 1324 circumagebatur
962 1263 1073 1308 lucis
1121 1263 1266 1309 radios
1316 1270 1407 1308 tam
1455 1263 1596 1308 claros

218 1338 376 1391 emisit,
420 1344 469 1381 ut
512 1354 539 1381 a
570 1337 892 1396 spectatoribus
932 1336 1291 1395 conspicerentur
1331 1337 1424 1380 sine
1464 1335 1597 1380 dubio

217 1425 305 1454 non
339 1410 475 1453 semel
508 1409 585 1453 sed
619 1409 791 1468 saepius
835 1409 1114 1453 circumacta.
1177 1407 1335 1466 Neque
1377 1424 1485 1467 opus
1518 1414 1596 1463 est,

216 1490 265 1525 ut
295 1483 393 1526 loca
416 1497 677 1540 quaeramus
711 1497 809 1525 cum
835 1480 1107 1525 Schneidero
1140 1480 1185 1522 in
1216 1479 1387 1523 theatro
1412 1481 1597 1524 obscura

217 1560 261 1598 et
313 1570 339 1597 a
392 1553 495 1612 solis
549 1552 683 1597 radiis
735 1558 925 1608 remota3
977 1552 1128 1610 fulgur
1179 1550 1225 1594 in
1270 1552 1391 1595 caelo
1441 1566 1595 1596 sereno

218 1626 527 1686 splendescens
549 1625 911 1670 animadvertitur
931 1624 1101 1682 fuitque
1124 1624 1217 1667 sine
1249 1624 1381 1668 dubio
1410 1639 1596 1668 scaenae

218 1700 339 1744 frons
371 1715 461 1744 non
495 1698 713 1743 coloribus
746 1705 837 1741 tam
870 1696 1069 1741 candidis
1102 1696 1288 1755 depicta,
1322 1703 1370 1741 ut
1400 1696 1596 1755 fulgores

217 1773 377 1816 iterum
420 1788 472 1815 ac
514 1770 686 1829 saepuis
738 1768 1093 1828 splendescentes
1142 1783 1231 1811 non
1270 1775 1419 1827 posset
1459 1767 1596 1811 oculis

219 1843 432 1901 distingui
464 1859 492 1899 a
525 1842 726 1887 caeruleo
761 1841 874 1885 coeli
908 1840 1069 1884 colore.

297 1942 328 1983 ¹)
356 1940 432 1975 Das
458 1938 623 1975 Theater
648 1950 695 1974 zu
723 1937 855 1981 Athen,
882 1949 914 1972 v.
942 1936 1044 1972 Hans
1072 1935 1259 1972 Christian
1277 1935 1430 1971 Genelli.
1469 1934 1597 1970 Berlin

217 2013 251 2036 u.
279 2000 408 2046 Leipz.
436 2000 542 2034 1818.
568 2010 602 2044 p.
632 1998 688 2033 79.
732 1997 861 2041 „Noch
886 1996 1045 2041 weniger
1069 1995 1208 2031 konnte
1235 2006 1273 2031 es
1294 1995 1402 2040 jener
1427 1994 1597 2030 Scenerie

217 2059 409 2103 einfallen,
445 2059 504 2095 die
530 2057 756 2095 Finsterniss
782 2055 1049 2099 darzu‘stellen.
1082 2054 1218 2091 welche
1247 2054 1518 2091 nachzubilden
1544 2053 1597 2089 sie

216 2131 283 2166 gar
309 2119 418 2155 keine
443 2118 568 2154 Mittel
594 2119 720 2154 besass
735 2145 743 2161 ‚
776 2117 852 2153 und
887 2116 945 2151 die
978 2116 1017 2150 in
1051 2115 1156 2150 ihren
1181 2114 1469 2159 Darstellungen
1494 2113 1598 2149 nicht

217 2191 265 2216 zu
298 2178 436 2215 dulden
471 2187 639 2223 gewesen
671 2180 777 2213 ware.
833 2176 893 2211 Sie
925 2178 1064 2211 musste
1097 2174 1172 2210 und
1203 2173 1324 2210 wollte
1357 2173 1436 2209 sich
1468 2173 1597 2208 immer

216 2241 273 2277 ins
304 2238 521 2285 Tageslicht
555 2237 707 2281 stenen,
741 2236 880 2273 bildete
913 2234 1092 2272 ebenfalls
1124 2234 1241 2270 lieber
1272 2233 1330 2270 die
1363 2232 1595 2278 Wirkungen

216 2300 282 2337 der
306 2298 533 2336 Finsterniss
558 2298 653 2333 nach
678 2297 734 2334 als
760 2296 813 2333 sie
840 2295 991 2331 selbst.“

293 2360 326 2404 ²)
353 2359 377 2396 l.
404 2369 433 2394 c.
461 2369 497 2405 p.
526 2358 583 2394 18.
