1819 2930
815 645 1039 736 Vita.

334 797 433 856 Ego
483 796 726 842 Guilelmus
773 800 1001 856 Augustus
1051 797 1157 842 Otto
1205 796 1483 856 Spandoviae
1537 797 1605 840 die

244 870 396 913 Martis
429 870 556 913 tertio
590 870 691 913 anni
712 869 1053 914 MDCCCXLV
1085 877 1227 925 natus,
1259 871 1304 914 in
1336 870 1435 913 vico
1459 870 1605 927 Berge

244 957 380 1000 prope
390 941 544 985 Nauen
550 976 561 998 ,
572 943 723 986 urbem
732 941 970 999 Marchiae,
984 930 1209 1001 quosanno
1222 940 1565 986 MDCOOXLV
1574 942 1604 997 l,

242 1021 367 1073 pater
397 1014 479 1057 viis
518 1015 702 1073 publicis
741 1016 1007 1074 praefectus,
1051 1031 1096 1058 se
1130 1015 1335 1069 contulit,
1376 1014 1606 1073 disciplina

243 1087 462 1131 institutus
496 1104 602 1131 sum.
665 1086 902 1146 Postquam
942 1102 1081 1145 usque
1121 1087 1176 1130 ad
1208 1103 1367 1131 annum
1402 1094 1603 1147 quartum

245 1159 462 1204 decimum
495 1160 686 1214 scholas,
730 1160 772 1203 in
812 1160 968 1220 quibus
1001 1160 1242 1204 litterarum
1274 1160 1488 1204 elementa
1519 1167 1605 1203 tra-

244 1232 423 1287 duntur,
462 1233 754 1292 frequentavi,
809 1250 834 1276 a
873 1239 1126 1291 praecetore
1168 1232 1338 1291 privato
1378 1249 1458 1291 per
1497 1233 1604 1277 duos

243 1320 379 1347 annos
412 1306 667 1360 instructus,
703 1305 967 1363 Glogoviam
998 1320 1067 1348 me
1102 1305 1285 1359 contuli,
1327 1302 1463 1359 unde,
1507 1322 1604 1349 eum

242 1393 318 1435 per
381 1384 585 1435 quattuor
647 1393 783 1422 annos
847 1376 1137 1436 Gymnasium
1199 1377 1604 1436 frequentavissem,

241 1449 488 1493 testimonio
556 1450 815 1492 maturitatis
878 1456 1073 1508 accepto·
1118 1449 1427 1493 Vratislaviam
1490 1465 1604 1493 anno

239 1520 594 1576 MDCCCLXV,
633 1529 681 1565 ut
710 1522 866 1566 litteris
900 1521 1060 1565 sanctis
1094 1523 1138 1564 in
1172 1522 1395 1566 academia
1427 1538 1605 1581 operam

240 1593 409 1650 darem,
453 1594 672 1652 profectus
706 1610 813 1637 sum.
877 1594 938 1636 At
979 1593 1094 1637 haud
1126 1594 1187 1637 ita
1217 1595 1353 1638 multo
1385 1600 1486 1653 post
1517 1602 1606 1637 stu-

240 1665 408 1710 diorum
440 1666 803 1725 philologieorum
836 1681 983 1709 amore
1021 1666 1187 1718 exarsi,
1230 1682 1362 1724 quam
1402 1666 1458 1710 ob
1497 1682 1604 1719 rem,

238 1739 312 1781 vix
345 1754 432 1783 uno
465 1739 661 1783 semestri
692 1745 869 1797 peraeto
885 1772 896 1793 ,
939 1754 1038 1781 cum
1070 1754 1158 1781 non
1190 1738 1396 1782 haberem
1430 1739 1504 1798 qui
1537 1754 1605 1782 me

238 1811 517 1869 adjuvarent,
557 1818 812 1870 praeceptor
852 1809 1116 1854 dom⁸esticus
1156 1826 1291 1854 unum
1324 1827 1483 1854 annum
1516 1811 1605 1854 ruri

238 1891 434 1928 versatus
467 1900 574 1937 sum,
615 1899 699 1942 quo
732 1889 942 1942 tempore,
975 1883 1164 1927 tumultu
1186 1883 1448 1943 necopinato
1472 1884 1604 1940 facto,

239 1972 317 2013 per
348 1964 555 2015 quattuor
586 1972 756 1999 menses
790 1956 1004 2014 stipendia
1034 1955 1133 1999 feci.

327 2027 426 2081 Quo
459 2044 571 2072 anno
612 2044 710 2072 cum
744 2027 847 2071 satis
871 2028 924 2071 ad
947 2027 1088 2071 studia
1109 2027 1604 2086 incipiendiaipecuniae

237 2099 341 2144 mihi
373 2100 664 2160 paravissem,
697 2099 951 2145 Berolinum
984 2116 1053 2145 me
1087 2100 1271 2155 contuli,
1305 2100 1401 2155 ubi,
1436 2100 1604 2145 civibus

238 2173 529 2218 universitatis
583 2173 848 2232 adscriptus,
903 2173 1073 2218 sudium
1127 2190 1178 2216 ac
1230 2173 1502 2232 diligentiam
1550 2172 1603 2216 ad

237 2244 519 2306 philologiam
562 2246 763 2302 adhibui,
804 2261 882 2305 per
922 2246 1039 2306 quod
1081 2253 1255 2306 tempus
1283 2246 1603 2306 professoribus
1649 2275 1654 2280 -

236 2314 557 2364 humanissimis
593 2318 713 2364 adfui
743 2319 1056 2364 disserentibus
1089 2319 1174 2364 his:
