1819 2930
727 85 1030 131 -15-

198 203 480 249 abstinuisset
526 209 676 248 nostra
716 218 892 262 quoque
941 203 987 246 in
1033 202 1265 261 tragoedia
1305 219 1332 247 a
1372 205 1566 262 querella

198 277 369 336 aliqua,
412 275 449 319 si
488 275 711 331 adfuisset.
777 275 831 318 In
871 274 1092 319 orchestra
1136 274 1172 318 si
1211 274 1365 319 fuisset
1410 283 1483 319 aut
1523 277 1566 319 in

197 343 344 408 logeo,
377 347 518 393 tribus
549 346 691 391 modis
723 347 860 392 oculis
884 352 1177 406 spectatorum
1199 347 1343 406 potuit
1364 347 1568 397 subduci:

198 428 273 466 aut
318 419 614 479 anapiesmate
667 419 862 478 demergi
901 426 976 464 aut
1022 420 1233 477 aufugere
1281 420 1336 463 ab
1384 426 1568 478 utroque

197 494 334 537 latere
367 497 442 535 aut
474 491 663 550 denique
696 491 888 536 sublimis
921 491 1096 536 auferri.
1161 490 1406 545 Quominus
1438 508 1569 536 curru

198 565 292 609 sive
325 563 411 607 alia
441 563 646 607 machina
677 578 808 621 quam
830 563 1158 618 conscenderet,
1191 563 1568 621 tranquillus’sine

198 636 287 681 ullo
318 635 455 680 verbo
487 635 742 692 auferretur,
782 641 899 679 certe
932 635 1100 680 obstitit
1130 634 1465 694 pulchritudinis
1497 650 1568 679 ve-

198 708 475 765 nustatisque
508 722 661 752 sensus
705 714 748 751 et
787 710 1065 766 antiquorum
1106 714 1149 751 et
1180 714 1328 751 noster
1360 708 1567 766 ipsorum.

288 779 447 838 Neque
498 779 543 823 in
596 774 758 824 terram
804 780 946 839 potuit
996 780 1194 838 demergi
1246 780 1417 836 chorus,
1467 781 1568 840 quia

198 854 360 898 multae
398 858 525 895 erant
556 851 803 896 Oceanides
841 868 982 911 neque
1015 852 1108 895 sine
1146 852 1236 896 ulla
1264 868 1375 896 voce
1415 854 1569 897 melius

200 925 312 969 inter
335 930 401 968 tot
422 940 473 966 ac
493 930 639 968 tantos
659 931 840 969 naturae
862 931 1052 968 terrores
1073 924 1214 982 potuit
1236 925 1402 982 egredi,
1437 941 1568 984 quam

150 1021 153 1023 ·
199 997 234 1041 si
267 1012 368 1041 eum
399 996 444 1040 in
476 996 656 1055 rupibus
689 1003 938 1041 manentem
969 1012 1109 1054 usque
1143 995 1198 1040 ad
1228 1003 1370 1041 terrae
1402 1005 1568 1042 motum

198 1068 419 1126 fingimus.
501 1068 616 1111 Tum
665 1074 818 1111 ‘autem
868 1068 989 1111 salva
1036 1069 1215 1111 deorum
1262 1069 1480 1126 gravitate
1527 1076 1570 1112 et

198 1139 466 1186 verecundia
506 1155 562 1184 ex
605 1139 742 1185 oculis
783 1139 1075 1200 spectantium
1119 1139 1282 1185 auferri
1321 1146 1570 1200 potuerunt,

188 1214 236 1256 'si
276 1213 371 1256 saxi
413 1213 639 1270 cujusdam
681 1213 874 1271 imagine
921 1214 1180 1257 velabantur
1220 1213 1266 1256 id
1307 1213 1423 1271 quod
1463 1213 1571 1255 nihil

200 1286 378 1329 omnino
400 1285 592 1341 habebat
614 1285 868 1329 offensionis
890 1285 936 1328 in
957 1291 1101 1329 terrae
1131 1286 1206 1329 illo
1228 1286 1413 1330 terribili
1435 1293 1571 1339 motu,

202 1374 301 1402 cum
335 1373 506 1401 summa
537 1357 636 1401 imis
670 1359 852 1402 confusa
883 1356 1166 1415 fingerentur.

293 1429 407 1474 Sunt
423 1430 612 1488 denique
630 1429 885 1489 tragoediae
910 1429 997 1473 loci
1015 1429 1172 1488 quibus
1191 1430 1368 1473 chorum
1395 1430 1570 1474 excelso

198 1503 294 1547 loco
327 1503 470 1562 egisse
504 1502 838 1559 demonstratur,
871 1502 1009 1546 velut:

465 1602 507 1630 v.
543 1587 629 1630 130

403 1650 472 1716 ἥδε
504 1654 612 1715 τάξις
645 1657 825 1711 προσέβα
857 1651 970 1701 τόνδε
1003 1654 1140 1713 ποίγον.

464 1746 507 1775 v.
541 1731 628 1776 283

405 1799 613 1864 ὅκριοέσσῃ
646 1800 767 1859 χθονὶ
799 1802 895 1862 τῇδε
929 1802 1047 1846 πελῶ.
1066 1802 1107 1861 ¹)

197 1887 331 1933 Hanc
387 1888 647 1933 sententiam
701 1902 791 1930 non
847 1888 1105 1946 comprobat
1152 1886 1569 1944 Sommerbrodtius,

200 1961 274 2019 qui
306 1976 348 2020 p.
382 1962 453 2006 36.
490 1960 614 2003 dicit:
648 1966 881 2019 postquam
902 1959 1172 2018 aliquamdiu
1196 1958 1485 2019 (Oceanides)
1519 1976 1571 2003 ex

200 2033 404 2077 machina
435 2034 480 2076 in
509 2039 611 2077 ae‘re
631 2047 886 2091 suspensae
920 2047 1019 2076 cum
1041 2031 1302 2077 Prometheo
1327 2032 1571 2077 collocutae

200 2112 313 2162 sunt,
347 2106 393 2150 in
427 2106 766 2149 orchestram
798 2102 1076 2147 descendisse
1107 2094 1325 2148 videntur.

276 2310 311 2355 ²)
337 2310 390 2347 Cf.
418 2310 663 2348 Schoenborn.
689 2311 713 2348 1.
739 2321 769 2348 c.
796 2323 829 2357 p.
849 2310 934 2348 292.
