1819 2930
768 133 1041 188 εε-

216 269 322 297 usus
366 252 545 296 omnino
585 252 669 296 fuit
708 252 866 297 nullus.
929 253 1135 297 Dilucide
1168 253 1348 311 insuper
1379 252 1597 300 Sommer-

217 324 417 369 brodtius
436 324 476 383 ¹)
509 323 694 368 Polluce
727 331 838 370 teste
871 324 1067 371 adhibito
1099 326 1171 370 vel
1202 325 1347 385 potius
1369 326 1597 386 repudiato

218 398 303 441 hoc
335 397 652 441 demonstravit
683 404 726 440 et
755 404 892 442 restat
923 405 992 442 ut:
1026 414 1250 456 „quanam
1270 398 1344 441 via
1364 398 1599 442 histriones

218 469 347 527 hujus
379 468 633 526 tragoediae
656 468 700 512 in
730 484 936 513 scaenam
957 469 1247 529 prodierint,“
1278 484 1552 529 quaeramus,

312 539 382 583 Ac
427 540 617 598 primum
666 541 842 598 quidem
889 541 1227 595 Prometheum,
1281 541 1600 602 Hephaestum,

222 612 410 666 Kratos,
450 610 579 656 Biam
611 613 841 669 sublimes,
887 630 1016 673 super
1052 614 1195 659 media
1226 621 1355 674 porta
1389 614 1455 674 (in
1486 631 1601 659 mae-

221 684 354 729 niano
379 683 589 743 quodam)
624 687 894 744 apparuisse,
929 693 1152 731 Oceanum
1186 693 1231 731 et
1252 686 1502 731 Oceanides
1523 702 1603 746 per

222 763 370 802 ae'rem
418 757 694 802 advolavisse
742 759 971 818 constat2)
1019 759 1182 805 Jonem
1213 763 1319 808 'vero
1361 775 1473 819 quae
1525 775 1605 818 per

224 838 363 874 terras
397 837 570 889 'semper
602 838 737 885 erret,
781 833 854 875 via
894 832 1091 877 terrestri
1124 831 1312 890 quadam
1344 831 1529 890 pedibus
1558 831 1604 875 in

225 917 430 948 scaenam
474 902 580 962 quin
622 903 715 947 sine
754 905 844 948 ulla
886 905 1088 949 machina
1119 903 1336 963 prodierit
1367 919 1496 957 nemo
1530 903 1604 946 du-

224 974 393 1018 bitabit.
460 975 608 1033 Atque
650 976 781 1020 etiam
813 976 1004 1020 Hermes
1035 975 1152 1019 haud
1185 975 1316 1020 dubie
1347 974 1532 1034 pedibus
1564 980 1608 1018 et

224 1048 270 1090 in
292 1052 423 1102 terra,
447 1062 546 1091 mea
568 1047 746 1106 quidem
769 1049 987 1093 sententia
1008 1048 1199 1104 advenit,
1226 1047 1397 1091 etiamsi
1412 1046 1605 1104 Droyse-

226 1118 324 1161 nius
359 1126 405 1162 et
435 1119 673 1165 Donnerus
707 1137 806 1165 eum
849 1137 947 1165 cum
985 1121 1179 1166 caduceo
1213 1127 1257 1164 et
1290 1119 1448 1163 calceis
1481 1118 1607 1163 alatis

228 1191 436 1234 advolare
477 1192 641 1236 dicunt.
715 1193 871 1251 Neque
921 1194 1035 1237 enim
1080 1193 1170 1236 ullo
1211 1193 1346 1236 verbo
1390 1206 1489 1235 eum
1530 1206 1609 1249 per

229 1268 373 1306 ae'rem
388 1264 739 1323 appropinquare
756 1265 992 1321 indicatur-3
1009 1264 1227 1309 indicatur
1243 1269 1388 1308 autem
1399 1262 1547 1307 multis
1566 1269 1610 1306 et

227 1335 471 1394 perspicuis
488 1337 635 1380 verbis
658 1354 757 1380 cum
775 1337 980 1382 Oceanus
1002 1344 1045 1381 et
1068 1335 1317 1381 Oceanides
1339 1337 1607 1394 apparent³)

230 1407 371 1452 Versu
416 1408 530 1452 enim
574 1409 663 1454 945
678 1413 721 1462 ⁴)
780 1408 970 1453 Hermes
1012 1408 1045 1454 J
1048 1408 1142 1453 ovis
1192 1423 1343 1454 cursor
1382 1404 1471 1460 (τ’ὀύ
1509 1404 1610 1460 Διὸς

231 1479 391 1540 τρόχις)
425 1483 684 1541 appellatur,
722 1481 754 1525 J
756 1482 851 1526 ovis
873 1482 1081 1527 mandata
1102 1496 1265 1539 nempe
1287 1485 1610 1538 persecuturus,

232 1568 497 1611 quocunque
529 1553 729 1608 mittitur,
767 1554 992 1598 festinans.

325 1622 416 1669 Sed
457 1625 741 1670 nihilominus
781 1624 1091 1684 inquirendum
1141 1630 1230 1679 est,
1280 1629 1426 1667 utrum
1466 1622 1527 1667 Jo
1570 1629 1613 1666 et

232 1698 424 1741 Hermes
463 1699 509 1741 in
549 1698 681 1756 plano
722 1713 778 1742 an
828 1697 1038 1742 sublimes
1078 1696 1125 1740 in
1168 1696 1344 1740 summis
1389 1694 1613 1739 montibus

234 1777 279 1814 et
309 1769 490 1829 rupibus
524 1777 778 1829 appareant.

315 1930 347 1975 1)
374 1930 430 1965 De
464 1929 640 1976 Aeschyli
678 1940 717 1966 re
756 1929 925 1966 scaenica
957 1930 985 1965 I.
1019 1928 1178 1975 Lignicii
1204 1927 1310 1964 1848.
1350 1940 1385 1973 p.
1412 1928 1458 1963 19
1496 1935 1616 1971 (quem

236 1990 403 2026 libellum
418 1990 537 2026 secuti
554 1994 642 2026 sunt
655 1990 726 2028 duo
742 1990 825 2027 alii:
853 1990 901 2026 II.
921 1987 1199 2034 Lignicii1851.
1225 1987 1293 2023 III.
1310 1987 1494 2033 Tanglimi
1507 1986 1613 2023 1858.

314 2053 346 2094 ²)
375 2050 430 2087 cf.
458 2050 772 2088 Schoenbornium
798 2051 821 2086 l.
849 2061 879 2086 c.
905 2062 939 2097 p.
967 2050 1049 2086 290.

316 2112 348 2155 ³)
372 2111 500 2148 verbis
527 2112 558 2147 si
584 2112 665 2157 quis
692 2112 729 2148 in
747 2122 915 2148 scaenam
933 2110 1115 2157 prodierit
1131 2109 1190 2146 vel
1207 2107 1387 2155 quomodo
1404 2106 1617 2153 proditurus

238 2173 356 2210 fuerit
380 2172 652 2218 spectatoribus
677 2172 892 2218 plerumque
918 2172 1133 2208 nunciatum
1165 2180 1265 2213 esse,
1301 2166 1519 2204 Aristoteles
1543 2166 1617 2211 περὶ

238 2229 417 2280 ποιητικῆᾰ
445 2243 475 2269 c.
505 2232 562 2269 17.
590 2232 690 2269 dicit.

313 2297 348 2340 ⁴)
377 2296 512 2332 Omnes
536 2294 710 2341 Aeschyli
736 2290 1007 2341 tragoediarum
1033 2282 1133 2330 locos
1158 2300 1205 2326 ex
1221 2288 1423 2325 Hei-manni
1446 2286 1618 2323 editione·

239 2356 357 2396 Berol.
387 2355 491 2392 1859.
519 2354 644 2391 affero.
