1819 2930
738 146 1045 189 *20-

201 265 287 307 tale
325 264 505 326 aliquod
545 266 796 313 vehiculum
837 281 1017 326 prorsus
1057 257 1293 309 abhorrere
1326 281 1352 309 a
1383 271 1583 310 veterum

200 336 392 395 pictura,
435 337 592 383 deinde
634 339 726 384 alas
758 356 850 384 non
883 354 1013 399 posse
1048 338 1141 382 sine
1173 337 1418 382 insulsitate
1450 337 1584 381 inseri

200 409 284 451 nisi
317 409 592 466 animalibus,
628 427 740 470 quae
764 428 849 465 ‚eas
881 417 1101 467 moveant,
1135 425 1430 469 magnamque
1463 409 1583 453 deni-

202 496 287 539 que
328 481 634 527 difficultatem
674 483 877 543 praeberi
919 483 1092 527 locandi
1139 498 1217 541 per
1263 481 1475 541 reliquam
1522 481 1585 524 fa-

201 553 351 596 bulam
384 570 538 598 currus
570 556 688 602 alati.
755 555 976 616 Equidem
1017 554 1261 600 concedere
1293 569 1383 598 non
1414 569 1583 620 recuso,

201 626 321 669 nulla
354 642 507 671 currus
541 628 644 671 alati
685 629 888 688 exempla
932 633 1081 672 extare
1122 627 1168 669 in
1200 626 1398 686 picturis.
1465 625 1585 679 Quid

202 699 384 743 autem?
446 699 607 744 Nonne
640 701 772 745 etiam
815 716 863 745 os
905 706 1104 760 apertum
1124 699 1165 758 ¹)
1214 699 1404 743 alienum
1453 705 1520 743 est
1559 715 1586 743 a

201 772 380 828 pictura
413 778 457 815 et
489 772 575 815 alia
597 772 845 829 ejusmodi?
887 772 1097 815 Attamen
1122 771 1167 813 in
1200 770 1374 814 theatro
1406 771 1586 814 fuerunt

200 842 458 887 necessaria
493 850 537 887 et
567 843 666 887 vice
698 860 828 889 versa
850 844 1078 889 mulierem
1114 842 1324 888 nudatam
1357 857 1382 886 a
1415 857 1583 886 summo

199 914 254 958 ad
298 915 434 958 imum
478 915 572 959 sine
613 916 771 973 dubio,
823 917 994 961 etiamsi
1035 933 1059 960 a
1099 910 1258 960 theatri
1305 915 1430 958 abest
1476 920 1583 972 arte,

200 993 347 1031 tamen
378 987 572 1047 pictores
606 995 649 1031 et
683 988 881 1032 statuarii
911 1003 1191 1047 nequaquam
1216 988 1505 1031 removebant
1527 1002 1583 1031 ex

201 1059 333 1103 rebus
374 1059 680 1118 depingendis.
744 1060 849 1105 Non
890 1061 952 1104 ita
992 1060 1036 1103 in
1084 1059 1247 1105 eisdem
1293 1059 1453 1104 finibus
1501 1059 1583 1103 hae

201 1130 314 1173 duae
347 1137 464 1174 artes
497 1138 753 1186 versantur,
787 1138 858 1185 ut,
893 1147 1005 1190 quae
1039 1132 1176 1175 altera
1208 1131 1389 1188 spernit,
1429 1130 1584 1175 eadem

204 1209 469 1260 spernantur
510 1203 565 1246 ab
604 1204 754 1249 altera.
829 1203 961 1256 Quod
1002 1210 1148 1248 autem
1181 1202 1451 1262 Geppertius
1490 1203 1583 1246 alas

201 1289 291 1317 non
326 1274 419 1317 sine
453 1274 631 1334 ineptiis
662 1276 796 1319 inseri
832 1275 938 1318 dicit
975 1275 1135 1331 currui,
1174 1275 1247 1334 qui
1282 1290 1354 1320 eas
1376 1264 1583 1318 movendi

201 1346 247 1389 vi
280 1353 441 1401 careat,
476 1346 583 1391 mihi
615 1363 704 1392 non
738 1347 982 1407 persuadet.

291 1417 409 1462 Nam
449 1419 485 1462 si
526 1426 615 1463 tam
657 1420 789 1464 anxie
837 1426 880 1463 et
929 1418 1167 1475 subtiliter,
1216 1434 1329 1478 quae
1377 1435 1477 1463 cum
1517 1418 1581 1463 rei

203 1490 446 1548 cujuspiam
479 1498 636 1536 natura
667 1507 757 1535 non
790 1492 1070 1545 conveniunt,
1104 1491 1257 1534 tollere
1290 1492 1492 1535 volumus
1525 1507 1581 1535 ex
1650 1497 1655 1502 '

201 1568 312 1617 arte,
346 1578 432 1606 non
467 1563 707 1607 manebunt
739 1562 948 1607 Mercurii
983 1564 1114 1622 galea
1146 1563 1261 1608 alata
1294 1569 1369 1607 aut
1390 1562 1580 1607 Junonis

201 1648 354 1678 currus
386 1640 568 1690 rotatus,
601 1635 647 1679 in
680 1651 766 1694 quo
798 1651 877 1695 per
909 1641 1056 1679 ae‘rem
1089 1634 1320 1679 advehitur
1348 1634 1464 1694 apud
1484 1633 1580 1678 Ho-

202 1721 371 1750 merum
404 1713 449 1751 et
480 1707 566 1752 alia
599 1707 811 1765 ejusmodi
850 1707 1021 1753 similia.

200 1938 282 1974 eine
318 1936 420 1973 todte
447 1935 651 1979 Maschine,
690 1936 749 1972 ein
781 1935 934 1982 Wagen,
977 1935 1232 1981 widerspricht
1269 1935 1387 1972 einem
1429 1937 1580 1973 solchen

202 1997 404 2034 ornament
444 2016 486 2023 —
530 1996 603 2032 Ein
629 1996 772 2043 Wagen
810 1997 877 2033 mit
914 1997 1033 2033 einem
1068 1996 1165 2032 Chor
1202 2007 1272 2033 von
1298 1996 1344 2033 15
1371 1997 1580 2034 Oceaniden

199 2058 265 2093 der
304 2068 370 2093 aus
409 2057 475 2092 der
499 2056 605 2092 Hohe
650 2057 718 2092 auf
752 2057 810 2092 die
854 2059 967 2093 Scene
1006 2056 1285 2092 herabschwebt
1320 2057 1396 2093 und
1432 2058 1513 2093 hier
1539 2068 1579 2093 so

198 2118 306 2163 lange
332 2117 418 2160 hii-lt,
446 2116 503 2152 bis
529 2116 588 2152 die
614 2117 809 2163 Nympfen‚
850 2117 909 2153 die
949 2116 1028 2152 sich
1066 2116 1105 2151 in
1142 2115 1218 2151 ihm
1249 2116 1431 2161 befinden,
1471 2118 1579 2153 einen

199 2178 297 2213 Chor
334 2186 524 2222 gesungen
562 2176 638 2212 und
674 2177 742 2212 mit
780 2177 861 2211 dem
893 2176 1052 2211 Titanen
1077 2176 1321 2212 Prometheus
1359 2178 1467 2222 lange
1506 2177 1577 2213 Ge-

199 2236 350 2281 sprache
376 2234 570 2283 gepfiogen
595 2235 729 2279 haben,
759 2256 802 2261 —
828 2236 901 2272 mir
924 2234 1075 2281 danem,
1102 2234 1166 2271 das
1185 2235 1310 2271 Ganze
1335 2239 1475 2274 mfisste
1502 2236 1578 2272 sich

198 2296 395 2343 ungemein
420 2296 511 2332 steif
532 2296 608 2332 und
634 2296 837 2334 sonderbar
862 2305 1144 2344 ausgenommen
1168 2295 1325 2332 haben.“
1386 2314 1389 2317 ·

278 2370 308 2415 ¹)
335 2368 448 2404 larva.
