1819 2930
788 562 897 630 Cap.
923 562 1001 613 ΙΙΙ.

537 694 659 764 De
707 689 1264 763 histrionibus,

298 839 350 880 lu
391 833 645 878 Promethei
688 833 812 876 initio
857 830 1125 889 conspicitur
1157 828 1291 873 Titan
1333 826 1428 884 ipse
1470 830 1589 868 stans

209 910 253 954 in
287 923 410 967 rupe,
445 906 502 983 a}
533 921 665 965 quam
698 920 802 948 mox
835 903 1037 962 affigetur
1070 918 1095 945 a
1118 901 1319 945 Vulcano
1353 897 1498 942 statim
1533 897 1589 940 ab

209 981 334 1025 initio
368 985 621 1038 praesente3
656 977 710 1021 ad
743 977 881 1019 latera
912 974 1028 1017 illius
1061 980 1178 1018 stant
1198 972 1354 1017 Robur
1377 978 1421 1013 et
1442 967 1589 1021 Visst)

210 1051 459 1098 Promethei
494 1066 652 1109 corpus
686 1065 792 1093 num
823 1062 992 1091 merum
1025 1045 1307 1090 simulacrum
1331 1040 1476 1097 fuerit,
1512 1040 1591 1084 sub

212 1125 331 1185 quod
364 1123 481 1167 idem
512 1122 693 1177 histrio,
736 1120 812 1180 qui
850 1119 992 1178 primo
1025 1116 1214 1162 Vulcani
1247 1122 1394 1174 partes
1428 1118 1591 1172 egerat,
1649 1148 1654 1153 .

212 1204 366 1257 postea
399 1196 575 1240 demum
618 1191 889 1252 subrepserit
929 1192 1109 1249 ejusque
1152 1205 1206 1232 ex
1249 1203 1324 1231 ore
1367 1185 1595 1245 sequentia

213 1267 581 1329 pronuntiaverit,
616 1281 779 1324 magna
810 1264 924 1308 inter
955 1263 1073 1306 viros
1107 1262 1260 1304 doctos
1292 1259 1346 1303 lis
1380 1263 1457 1302 est.
1507 1255 1595 1301 Sed

215 1340 448 1387 Genellius
483 1339 541 1387 de
570 1337 815 1400 simulacris
855 1335 901 1379 in
932 1333 1197 1379 Prometheo
1238 1330 1444 1378 adhibitis
1476 1334 1596 1373 recte

215 1414 396 1457 adnotat
433 1412 540 1454 hoc:
573 1409 940 1466 „simulacrorum
963 1407 1006 1449 in
1032 1406 1177 1449 Attica
1208 1402 1438 1462 tragoedia
1470 1416 1596 1443 usum

215 1480 358 1530 fuisse*
384 1499 513 1528 nemo
548 1479 826 1541 negabit,“2)
853 1486 896 1523 et
916 1478 1044 1523 facile
1069 1476 1310 1537 apparebit,
1344 1471 1596 1517 Promethei

216 1572 451 1617 personam
492 1571 581 1599 non
625 1555 680 1598 ab
722 1559 870 1596 actore
908 1550 1055 1609 aliquo
1089 1549 1162 1608 agi
1192 1548 1387 1608 potuisse
1429 1544 1507 1589 sed
1545 1544 1597 1586 si-

218 1630 477 1685 mulacrum,
502 1626 620 1687 quod
641 1623 896 1670 Promethei
920 1623 1109 1682 speciem
1133 1622 1329 1676 haberet,
1352 1619 1397 1662 in
1419 1616 1599 1676 rupibus

221 1703 506 1747 constitutum
538 1700 687 1753 fuisse,
724 1698 758 1741 si
793 1712 944 1741 causas
979 1711 1085 1754 quas
1119 1694 1248 1737 affert
1279 1691 1463 1736 Godofr.
1487 1689 1599 1732 Her-

221 1791 406 1820 mannus
440 1778 606 1817 attente
639 1768 1061 1831 perspexerimus.³)
1447 1754 1449 1756 ‚

312 1847 509 1891 Primum
540 1845 654 1888 enim
685 1844 817 1886 homo
850 1841 1032 1900 pedibus
1069 1838 1270 1882 manibus
1303 1836 1512 1879 lateribus
1546 1832 1600 1876 ad

222 1936 330 1964 saxa
363 1918 567 1977 alligatus
601 1914 821 1976 quomodo
854 1929 943 1957 non
976 1912 1115 1957 solum
1148 1911 1354 1953 immotus
1387 1914 1501 1952 stare
1523 1920 1601 1965 per

305 2080 333 2120 ¹)
362 2075 409 2111 cf.
437 2074 545 2109 Fred.
574 2072 770 2109 Wieseler:
798 2070 1000 2118 disputatio
1026 2069 1071 2105 de
1089 2066 1358 2111 difficilioribus
1384 2062 1602 2110 quibusdam

139 2166 147 2173 .
225 2136 400 2173 Pollucis
420 2134 647 2178 aliorumque
674 2133 894 2178 scriptorum
919 2135 1084 2166 veterum
1110 2127 1200 2164 locis
1225 2126 1273 2162 ad
1297 2135 1373 2161 rem
1399 2124 1601 2162 scaenicum

224 2195 495 2244 spectantibus.
546 2193 745 2238 Gottingae
774 2191 868 2228 1866
894 2202 929 2237 p.
958 2189 991 2226 5.

301 2258 334 2300 ²)
362 2253 565 2297 Genellius‚
599 2253 622 2288 l.
654 2263 682 2287 c.
715 2263 749 2297 p.
779 2250 866 2286 103:
914 2251 991 2286 Der
1028 2246 1222 2284 Gebrauch
1259 2245 1325 2282 der
1361 2245 1516 2290 Puppen
1554 2242 1602 2277 ist

227 2315 368 2354 iiberall
395 2314 460 2351 der
485 2312 669 2350 attischen
696 2310 880 2357 Tragodie
905 2309 1009 2346 nicht
1033 2307 1299 2353 abzuleugnen.

300 2379 336 2421 ¹)
363 2374 633 2412 Adnotationes
658 2373 705 2409 ad
731 2370 988 2408 Prometheum
1015 2370 1123 2406 Vinct
1147 2380 1182 2415 p.
1209 2366 1267 2402 55.
