1819 2930
815 609 928 675 (lap.
955 608 1010 660 ΙΙ.
1060 641 1063 645 -

289 734 409 805 De
456 735 861 806 machinis
907 737 995 806 in
1044 736 1541 808 Prometheo

715 850 1117 935 adhibitis.

477 1003 557 1047 De
589 1003 989 1048 machina'sive
1022 1012 1346 1050 aeorcmate.

319 1097 547 1153 Machina,
590 1114 703 1157 quae
743 1106 916 1157 praeter
948 1105 1115 1143 ceteras
1148 1101 1241 1143 solo
1274 1099 1491 1143 indicatur
1523 1116 1599 1143 no—

229 1168 345 1213 mine
377 1169 628 1225 machinae,
648 1169 688 1229 ¹)
729 1169 775 1214 id
807 1170 1082 1229 potissimum
1121 1171 1286 1226 effecit,
1328 1178 1377 1216 ut
1415 1172 1460 1214 in
1500 1178 1601 1216 aere

228 1242 430 1284 volantes
463 1242 822 1300 conspicerentur
863 1243 922 1286 dii
955 1244 1025 1286 vel
1057 1244 1226 1299 heroes,
1261 1259 1392 1302 quam
1417 1243 1601 1288 eandem

229 1312 570 1373 explicationem
603 1314 731 1358 affert
752 1314 927 1361 Pollux.
945 1313 987 1374 2)
1036 1315 1106 1376 De
1129 1323 1433 1361 constructura
1455 1322 1601 1361 autem

227 1386 355 1443 hujus
388 1385 614 1430 machinae
647 1387 682 1429 si
716 1387 822 1444 quid
845 1387 952 1430 certi
984 1388 1208 1446 requirere
1240 1389 1347 1432 velit
1369 1389 1600 1447 quispiam,

228 1457 495 1502 monendum
536 1458 619 1502 erit
657 1458 765 1502 illud
797 1458 853 1504 A.
886 1458 1171 1518 Muelleri,³)
1213 1461 1287 1519 qui
1320 1461 1601 1517 „architectis
1643 1461 1648 1465 ’

229 1529 459 1588 quidem,“
504 1530 666 1589 inquit,
717 1531 938 1589 „placebit
979 1532 1075 1576 illas
1125 1538 1327 1576 veterum
1376 1532 1600 1577 machinas

227 1607 373 1645 mente
404 1608 621 1646 restruere
654 1608 697 1646 et
729 1602 928 1647 subtilius
964 1604 1235 1661 describere3
1278 1604 1462 1648 scientia
1494 1619 1599 1648 vero

227 1679 377 1717 nostra
408 1672 567 1718 talibus
600 1673 992 1732 disceptationibus
1031 1676 1140 1719 nihil
1170 1668 1344 1734 proficit
1376 1677 1600 1720 omnino.“

226 1745 337 1789 Mihi
379 1745 584 1788 nimirum
622 1745 736 1788 ultra
781 1746 910 1805 hujus
949 1747 1033 1790 viri
1074 1747 1315 1791 doctissimi
1355 1748 1599 1792 doctrinam

226 1817 413 1876 progedi
444 1832 722 1875 nequaquam
755 1817 800 1860 in
837 1825 1028 1862 mentem
1059 1807 1192 1863 venit.
1253 1819 1306 1881 Id
1339 1826 1486 1863 autem
1518 1835 1598 1878 pro

231 1895 350 1933 certo
373 1888 621 1933 habendum
646 1895 726 1942 est,
760 1888 1008 1934 Oceanides
1039 1891 1094 1934 ad
1115 1891 1439 1948 Prometheum,
1476 1892 1599 1949 cujus

226 1961 563 2006 vociferationes
605 1961 888 2019 audiverunt,
938 1963 1191 2008 advolantes
1239 1979 1340 2008 usas
1380 1980 1475 2008 esse
1516 1964 1599 2009 hac

304 2094 337 2138 ¹)
364 2094 571 2139 Boettiger‚
603 2094 693 2131 deus
726 2104 772 2130 ex
803 2096 972 2132 machina
1000 2096 1038 2131 in
1067 2106 1108 2131 re
1134 2095 1300 2132 scaenica
1325 2099 1489 2132 veterum
1514 2096 1599 2135 illu-

227 2156 375 2190 stratus
429 2153 561 2199 Opusc.
588 2165 623 2199 p.
650 2153 732 2190 348.
760 2164 837 2199 sqq.

304 2214 337 2256 ²)
365 2212 491 2249 Onom.
516 2212 578 2249 IV.
607 2212 687 2249 128.
739 2208 758 2257 ἧ
787 2227 882 2263 μηχα
886 2229 923 2256 νη
949 2214 982 2249 δε
1016 2208 1116 2255 &mic
1148 2212 1292 2250 δείκνυσι
1317 2215 1371 2249 καὶ
1396 2206 1500 2261 ἥρωας
1526 2208 1600 2254 rotie

226 2272 257 2306 ὅν
282 2271 318 2307 ἀὲ
322 2284 364 2317 ρι,
389 2270 669 2318 Βελλεροφόντας
694 2267 716 2316 ἥ
739 2274 873 2320 nepes
859 2287 899 2313 ις.

305 2320 338 2364 ⁸)
364 2319 545 2367 Philolog.
571 2320 713 2357 XXIII.
738 2332 775 2368 Ρ.
801 2320 884 2357 333.

1370 2381 1394 2418 2
