1819 2930
761 117 1033 162 „13-

210 245 328 288 foras
359 242 405 284 in
437 239 746 299 proscaenium
780 244 999 297 spectasse
1032 237 1241 282 scribunt.
1301 238 1420 282 Num
1453 239 1583 283 etiam

210 313 383 360 fabulae
406 312 468 356 ibi
490 319 613 355 actae
636 311 737 366 sint,
769 310 1009 369 perspicuis
1040 312 1308 368 argumentis
1330 327 1417 354 non
1441 318 1587 371 potest

213 383 504 445 comprobari.
556 382 619 427 At
640 382 811 427 fabulas
833 382 894 427 ibi
917 382 1070 426 doctas
1094 398 1188 439 esse
1211 383 1265 427 ab
1289 382 1585 434 histrionibus,

212 459 466 518 priusquam
508 456 553 499 in
585 455 774 513 Dionysi
816 455 987 499 theatro
1030 461 1278 513 agerentur,
1322 454 1488 499 scholio
1531 455 1585 499 ad

212 530 347 575 Arist.
427 528 598 587 Vespas
650 529 763 572 1109
813 528 1128 586 comprobante
1180 527 1284 570 satis
1342 533 1525 583 constat.
1545 523 1586 580 τ)’

213 604 362 661 Atque
403 601 536 657 etiam
575 600 763 658 Dionysi
803 600 961 645 theatri
1011 616 1216 644 scaenam
1257 601 1412 644 eodem
1456 601 1585 644 modo

213 691 265 719 ac
298 673 407 717 odea
439 667 574 717 fuisse
598 678 893 716 constructam
926 672 987 715 ita
1009 687 1096 715 non
1130 671 1363 726 contendo,
1399 678 1447 714 ut
1479 672 1586 715 certi

212 744 374 804 aliquid
410 760 464 788 ex
498 743 614 788 Odei
647 744 893 802 episcaenio
928 744 1133 802 colligam
1168 751 1223 798 et,
1262 760 1361 787 cum
1393 744 1585 787 Herodis

212 816 352 862 Attici
385 816 545 859 odeum
577 831 691 860 anno
730 816 817 860 160
847 822 946 874 post
978 814 1081 860 Chr.
1116 821 1268 858 natum
1310 822 1583 859 exstructum

213 889 282 944 sit,
316 903 526 946 magnum
568 888 738 931 in‘hac
779 903 825 930 re
866 894 1133 931 momentum
1173 903 1351 945 ponam,
1394 894 1583 931 attamen

213 959 410 1006 attulisse
458 975 527 1004 me
577 958 735 1003 similia
776 959 847 1003 vel
897 958 1042 1018 potius
1092 958 1346 1004 verisimilia
1397 959 1584 1020 arbitror

212 1048 356 1091 neque
387 1032 546 1090 inepta,
581 1047 694 1090 quac
725 1031 809 1074 hoc
852 1032 951 1075 loco
984 1047 1063 1089 pro
1107 1032 1235 1074 certis
1278 1048 1390 1090 quae
1429 1032 1587 1076 desunt

213 1110 474 1163 argumenta
507 1102 808 1148 adhibeantur.

308 1175 549 1229 Quaerenti
574 1182 734 1231 autem,
769 1175 1004 1233 quomodo,
1037 1175 1073 1218 si
1100 1190 1179 1233 pro
1201 1175 1374 1234 porticu
1396 1176 1587 1235 quinque

216 1249 444 1292 maeniana
499 1248 545 1291 in
594 1247 844 1307 episcaenio
896 1247 1029 1290 fuisse
1082 1247 1410 1291 concedendum
1458 1255 1587 1303 esset,

218 1326 389 1363 actores
406 1319 569 1364 fuerint
589 1319 788 1378 dispositi
805 1318 928 1361 initio
947 1334 1045 1362 cum
1070 1319 1199 1362 choro
1222 1319 1267 1362 in
1288 1326 1379 1363 tam
1401 1326 1587 1379 angusto

218 1391 371 1450 spatio,
396 1391 557 1450 optime
575 1389 813 1450 respondet
828 1387 1207 1434 Schoenbornius:
1224 1395 1266 1443 ²)
1284 1390 1587 1444 Prometheus,

217 1462 372 1521 inquit,
390 1464 435 1506 in
453 1478 622 1508 summo
640 1462 869 1506 maeni'ano
888 1468 966 1517 est,
980 1463 1097 1519 quod
1114 1478 1169 1506 ex
1187 1464 1331 1507 medio
1349 1463 1587 1522 prominet3

188 1533 421 1580 'Oceanus
461 1532 561 1580 cum
592 1533 891 1579 Oceanidibus
934 1533 980 1576 in
1021 1549 1073 1577 eo
1119 1534 1426 1590 consederunt,
1468 1534 1588 1594 quod

205 1613 309 1651 ‘erat
339 1607 570 1651 dexterum
603 1623 628 1650 a
659 1606 942 1660 Prometheo,
985 1607 1047 1649 sic
1088 1613 1136 1650 ut
1166 1606 1273 1651 Joni
1315 1614 1359 1651 et
1389 1607 1585 1652 Hermae

218 1679 406 1738 supersit
438 1680 625 1724 laevum.
1139 1690 1142 1694 '

304 1751 361 1795 Ei
398 1758 565 1806 autem,
607 1750 682 1809 qui
721 1750 854 1793 talem
893 1750 1143 1808 opinionem
1184 1757 1419 1810 propterea
1458 1752 1588 1795 fidem

216 1822 432 1867 excedere
481 1822 736 1882 opinantur,
799 1821 915 1880 quod
972 1822 1206 1867 abhorreat
1253 1823 1308 1866 ab
1363 1824 1589 1869 hominum

218 1894 485 1953 elegantium
527 1909 655 1938 sensu
667 1927 678 1948 ‚
720 1893 824 1951 quia
862 1893 1144 1938 histrionibus
1178 1895 1335 1939 seriem
1368 1895 1587 1953 quandam

217 1964 506 2010 formantibus
547 1972 591 2009 et
629 1965 716 2010 alio
759 1980 896 2024 prope
938 1962 1070 2010 aliu‘m
1112 1966 1255 2026 posito
1299 1967 1414 2011 oculi
1456 1967 1587 2012 facile

217 2037 499 2083 offendantur
540 2037 844 2098 spectantium,
880 2037 920 2081 ei
948 2038 1084 2098 igitur
1115 2053 1202 2082 non
1229 2039 1589 2085 animadvertisse

216 2108 438 2165 videntur,
487 2110 629 2169 qualis
676 2109 808 2155 fuerit
855 2109 1130 2155 Graecorum
1186 2112 1233 2156 in
1288 2112 1409 2156 hisce
1455 2112 1587 2156 rebus

216 2181 435 2226 sentiendi
465 2182 592 2227 ratio.

293 2276 326 2317 ¹)
352 2278 397 2312 A.
424 2276 594 2313 Mueller.
619 2275 643 2312 1.
671 2286 702 2313 c.
728 2287 764 2324 p.
783 2275 865 2312 501.

290 2334 325 2379 ¹)
350 2334 375 2373 1.
401 2345 432 2374 c,
456 2347 492 2383 p.
518 2335 602 2373 294.
