1819 2930
731 108 1027 151 ..25-

282 228 470 272 Accedit
501 227 618 286 quod
656 244 755 271 cum
789 226 1018 286 splendore
1057 226 1131 270 illo
1162 225 1371 270 brevibus
1411 226 1560 284 spatiis

193 303 330 346 effuso
370 300 562 344 tonitrua
603 300 732 344 simul
777 299 1065 343 audiebantur
1103 313 1246 356 neqne
1294 313 1346 340 ea
1387 313 1561 356 quoque

193 373 328 418 semel
361 379 435 417 aut
467 372 535 415 bis
573 372 649 416 sed
682 371 903 415 continuo.
968 370 1101 414 Edita
1140 376 1240 413 sunt
1279 369 1470 413 tonitrua
1510 384 1562 412 ex

192 447 389 490 bronteo.

690 589 769 633 De
809 590 1058 633 bronteo.

250 684 321 728 De
369 685 552 729 bronteo
594 699 682 727 non
725 675 957 728 admodum
1002 683 1188 727 difficilis
1230 690 1297 727 est
1339 683 1559 743 quaestio3

191 764 284 801 erat
305 763 450 800 autem
474 757 683 815 amphora
705 756 935 814 quaedam,
970 771 1082 814 quae
1109 757 1299 799 calculos
1320 757 1560 800 maritimos

191 829 466 883 continebat3
488 828 532 873 hi
556 829 712 874 calculi
735 829 778 873 in
795 843 970 873 aereum
993 829 1180 874 lebetem
1197 829 1558 885 immittebantur,

192 902 237 945 in
278 917 364 959 quo
404 902 589 945 volutati
636 902 863 960 strepitum
911 901 1090 944 tonitrui
1132 902 1317 945 similem
1357 902 1557 945 edebant.

192 971 267 1017 Sic
315 973 431 1017 enim
489 972 786 1017 Bernhardius
832 973 1168 1031 descriptionem
1215 973 1465 1031 Pollucis¹)
1516 980 1560 1017 et

192 1045 308 1103 quod
342 1045 494 1088 eadem
533 1045 587 1088 de
619 1060 666 1088 re
698 1043 856 1088 Suidas
872 1045 914 1101 2)
962 1047 1199 1088 memoriae
1241 1046 1399 1104 prodit,
1438 1053 1558 1089 recte

193 1116 472 1174 interpretari
504 1117 610 1160 mihi
634 1116 819 1160 videtur.
873 1114 1141 1160 Schneidero
1174 1118 1368 1161 omnium
1400 1118 1481 1160 soli
1513 1117 1557 1159 in

191 1195 380 1238 mentem
414 1190 535 1233 venit
564 1190 795 1233 bronteum
836 1189 917 1232 sub
950 1204 1107 1233 scaena
1144 1189 1170 1232 i.
1206 1204 1243 1232 e.
1277 1190 1357 1233 sub
1389 1190 1557 1248 pnlpito

189 1261 394 1313 fuisse.³)
458 1261 573 1306 Nam
613 1261 804 1306 Pollucis
845 1256 962 1317 „fimi
995 1258 1061 1319 τὴν
1102 1258 1241 1319 σκηνὴν
1283 1251 1483 1307 chssfeffl
1515 1270 1559 1307 et

265 1480 297 1521 ¹)
325 1473 360 1512 τό
389 1477 423 1512 δὲ
449 1479 626 1525 βροντεῖον,
651 1473 713 1513 {md
743 1472 800 1521 τὴν
826 1472 944 1522 σκηνὴν
972 1471 1128 1522 ἕπισθεν,
1155 1473 1250 1514 cio-not
1278 1474 1393 1523 ψήφων
1420 1479 1556 1525 ἔμπλεοι

187 1532 281 1573 διωκᾶ
288 1551 375 1585 μενοι
400 1530 483 1572 narei
508 1532 752 1587 χαλκωμάτων.

199 1613 201 1616 ’
261 1598 386 1634 Onom.
414 1599 477 1635 IV.
506 1598 586 1635 130.

264 1660 296 1702 ²)
324 1669 350 1695 S.
379 1671 411 1695 v.
440 1652 571 1705 βροντή.
621 1656 696 1693 ἔστι
722 1658 757 1693 δὲ
781 1659 833 1693 καὶ
859 1653 1043 1708 μηχάνημά
1071 1673 1115 1703 τι,
1148 1653 1168 1693 ἓ
1194 1660 1346 1694 ἐκαλεῖτο
1379 1660 1556 1705 βροντεῖον·

186 1713 248 1765 {mi
277 1714 335 1757 τὴν
361 1712 478 1763 σκηνὴν
503 1719 537 1754 δὲ
561 1711 600 1763 ἦν
625 1711 794 1766 ἀμφορεὺς
823 1719 968 1764 ψηῲίδας
992 1718 1079 1769 ἔχων
1105 1719 1309 1761 θαλαττίας,
1335 1713 1372 1763 ἦν
1397 1719 1430 1754 δὲ
1455 1721 1558 1762 λέβης

182 1777 352 1827 χαλκοῦς,
392 1781 441 1817 εἰς
466 1773 502 1814 ἓν
527 1780 561 1814 αἱ
596 1776 702 1825 ῲῆῴοι
741 1776 917 1826 κατήγοντο
948 1780 1001 1814 καὶ
1033 1773 1224 1825 κυλιᾶμεναι
1260 1773 1345 1829 ἦχον
1378 1777 1557 1815 ἀπετέλουν

184 1833 313 1873 ἐοικότα
340 1835 471 1888 βροντῇ.

262 1900 294 1943 ³)
320 1899 437 1936 Istum
471 1909 630 1936 errorem
664 1909 710 1935 ex
743 1900 816 1936 alio
847 1901 927 1946 ejus
959 1910 1081 1936 errore
1112 1900 1316 1947 profectum
1349 1910 1428 1936 esse
1454 1905 1554 1946 puto.

184 1958 284 1994 Dicit
314 1959 409 1994 enim
435 1960 458 1995 l.
485 1970 514 1995 c.
541 1959 684 2004 p.1o2:
736 1959 887 2002 „Durch
919 1960 978 1995 die
1009 1960 1144 1996 hohlen
1176 1960 1317 1996 Raume
1350 1964 1458 1995 unter
1492 1960 1556 1995 der

186 2017 315 2054 Biihne
341 2018 416 2054 und
440 2019 504 2055 der
521 2019 639 2055 einem
657 2019 973 2056 Resonanzboden
991 2019 1186 2055 ahnlichen
1201 2019 1401 2055 Vorbiihne
1418 2024 1555 2055 musste

186 2077 251 2113 der
276 2079 373 2122 Ton,
408 2079 475 2115 wie
501 2079 617 2116 durch
643 2080 702 2115 ein
728 2080 956 2125 Sprachrohr
979 2080 1165 2116 verstarkt
1190 2080 1333 2115 werden
1349 2082 1370 2097 “
1422 2080 1554 2115 Omnes

186 2144 307 2174 autem
333 2140 402 2174 viri
434 2139 547 2181 docti,
581 2140 643 2184 qui
675 2139 761 2175 huic
793 2140 847 2174 rei
880 2149 1027 2184 operam
1060 2139 1256 2181 dederunt,
1293 2139 1554 2174 Schneiderum

185 2197 254 2234 hac
279 2200 317 2235 in
342 2210 381 2235 re
408 2199 513 2235 valde
540 2209 680 2235 errasse
698 2209 815 2244 neque
834 2199 946 2235 ullam
963 2198 1098 2244 pulpiti
1116 2203 1257 2243 partem
1275 2199 1312 2233 in
1331 2198 1554 2235 orchestram

186 2258 404 2296 eminentem
432 2259 544 2295 fuisse
570 2259 874 2294 demonstrarunt.
918 2260 1014 2302 (vide
1039 2258 1202 2293 tabulam
1221 2258 1433 2295 Schneideri
1459 2259 1554 2294 libro

184 2316 346 2354 additam
372 2330 400 2355 r.
427 2318 491 2355 das
516 2318 704 2364 Logeion.)

743 2378 760 2398 ὓ
