1819 2930
668 123 1048 167 ⁴.-.21-.

309 243 568 290 Collocandi
599 241 790 301 denique
823 240 1072 298 difficultas,
1106 257 1238 301 quam
1270 240 1590 301 Geppertius¹)

217 319 411 377 graviter
449 319 787 370 commemorat,
836 314 1110 370 sublevatur,
1154 314 1190 357 si
1228 329 1317 357 non
1359 313 1406 357 in
1448 314 1593 358 media

217 403 377 440 scaena
422 388 745 447 prominentem
790 385 998 444 fingimus
1047 401 1221 430 currum
1263 392 1307 429 et
1346 384 1593 430 Oceanides

216 475 378 519 magno
428 475 527 503 cum
572 459 725 504 labore
771 457 956 518 pedibus
1005 466 1136 518 atque
1184 458 1385 503 manibus
1438 473 1493 501 ex
1540 473 1593 502 eo

217 533 456 586 enitentes,
496 531 574 576 sed
615 531 670 575 ad
710 545 895 575 scaenae
934 530 1125 575 frontem
1165 531 1322 576 leniter
1361 531 1593 589 appropin-

217 611 441 665 quantem,
473 603 622 656 talem,
653 619 707 646 ex
742 603 860 662 quali
892 603 1022 647 facile
1052 603 1147 647 fieri
1180 608 1331 662 posset
1362 602 1521 647 exitus.

307 677 409 735 Ego
444 674 678 735 Geppertii
719 676 910 720 rationes
951 675 1122 720 etiamsi
1165 691 1235 720 me
1277 691 1367 719 non
1398 682 1592 730 movent,

216 756 366 793 tamen
409 753 457 791 ut
497 763 671 790 currum
712 747 891 791 reiciam
932 748 1095 791 alatum
1136 762 1207 790 me
1247 746 1456 805 perduxit
1486 747 1592 790 hoc:

218 826 371 866 extant
402 818 612 879 picturae,
647 818 804 879 quibus
831 818 985 864 Thetis
1015 835 1113 863 cum
1134 818 1399 864 Nereidibus
1421 818 1595 878 depicta

219 899 285 937 est
317 891 512 935 assidens
544 891 590 934 in
622 907 765 948 curru,
800 891 875 950 qui
908 892 962 936 ab
986 891 1110 951 equis
1136 891 1262 935 alatis
1284 891 1471 936 vehitur.
1524 891 1594 935 Ex

218 964 315 1009 aliis
357 964 462 1008 artis
502 962 708 1023 operibus
752 964 1010 1023 praesertim
1057 963 1103 1007 in
1143 971 1335 1008 mentem
1376 963 1502 1008 venit
1543 979 1594 1006 ea

219 1037 439 1081 caelatura
470 1052 602 1094 quam
635 1034 816 1094 Cypseli
856 1036 964 1080 cista
996 1035 1262 1094 praebuit‚2)
1299 1051 1443 1095 neque
1476 1036 1593 1080 enim

218 1108 402 1152 multum
434 1108 558 1152 abest
591 1107 858 1165 comparatio
882 1106 1157 1151 Oceanidum
1191 1124 1289 1151 cum
1310 1107 1591 1152 Nereidibus.

306 1179 377 1223 De
425 1178 611 1224 Oceano
658 1179 753 1237 ipso
801 1194 889 1222 non
941 1180 1087 1223 multis
1136 1195 1245 1238 opus
1298 1179 1381 1223 erit
1432 1179 1591 1224 verbis.

217 1250 388 1294 Eadem
427 1250 473 1293 in
505 1250 706 1294 machina
738 1266 825 1309 qua
863 1250 977 1294 filiae
1015 1250 1326 1307 inducebatur,
1359 1250 1516 1294 sedens
1548 1251 1593 1294 in

219 1339 332 1381 equo
370 1322 589 1367 maritimo
631 1322 773 1377 alato,
815 1324 989 1381 qualem
1029 1323 1122 1382 ipse
1156 1320 1488 1380 ,,τετρασκελής·“
1521 1340 1593 1382 ap-

220 1394 420 1455 pellat.³)
484 1394 745 1439 Eustathius
763 1395 804 1453 ⁴)
839 1394 1067 1439 Oceanum
1105 1392 1168 1438 ἐπὶ
1198 1392 1343 1453 γρυπὸς
1374 1395 1591 1449 καθίζοντα

221 1468 424 1526 explicat.
490 1466 754 1510 Welckerus
806 1459 952 1510 autem
994 1467 1107 1511 istud
1156 1468 1318 1512 animal
1356 1475 1593 1527 propterea

219 1554 307 1582 non
337 1535 467 1596 γρύπα
502 1538 636 1582 fuisse
668 1545 839 1592 monet,
875 1538 992 1596 quod
1024 1535 1132 1594 γρύψ
1163 1539 1271 1583 nulli
1305 1540 1386 1583 deo
1420 1556 1591 1584 sacrum

219 1611 373 1656 fuisset
404 1610 645 1667 maritimo,
686 1608 764 1653 sed
796 1609 1008 1668 Apollini.
1071 1610 1292 1668 Pegasum
1325 1627 1456 1670 quem
1488 1627 1591 1671 pro-

296 1756 328 1799 ¹)
354 1754 377 1790 l.
405 1765 435 1792 c.
461 1766 496 1800 p.
525 1755 595 1791 180
621 1753 720 1798 „und
744 1753 864 1790 wohin
889 1752 995 1790 sollte
1028 1765 1104 1790 nun
1138 1754 1202 1790 der
1227 1754 1381 1801 Wagen,
1413 1755 1592 1792 nachdem

218 1814 283 1850 ihn
308 1815 374 1852 der
399 1815 496 1852 Chor
520 1815 708 1852 verlassen
740 1814 853 1859 hatte,
896 1813 1073 1860 gebracht
1098 1814 1270 1851 werden?
1304 1815 1420 1852 Stand
1452 1826 1494 1851 er
1527 1815 1592 1853 das

218 1884 335 1920 ganze
362 1875 478 1911 Stiick
502 1875 685 1912 hindurch
710 1874 776 1911 auf
797 1875 861 1911 der
889 1874 1003 1911 Scene
1011 1876 1060 1909 ‘r‘

294 1936 328 1980 ²)
356 1935 409 1972 Cf.
436 1936 566 1985 Pausa.
593 1935 637 1972 V.
666 1936 723 1972 19.
750 1936 782 1971 8.
824 1941 862 1971 et
901 1945 1069 1984 vasorum
1110 1935 1274 1981 picturas
1312 1945 1403 1981 quas
1443 1935 1593 1982 collegit

217 1994 475 2032 Hamiltonius.

294 2055 327 2098 ³)
353 2055 473 2092 Prom.
501 2067 545 2100 v„
561 2055 643 2091 396.

491 2108 612 2162 λευρᾶν
636 2109 697 2162 γὰρ
724 2113 817 2161 οἶμον
843 2116 982 2162 αἰθέρος
1007 2114 1118 2160 ψαίρει
1144 2119 1277 2162 πτεροῖς

490 2188 548 2208 τετ
529 2189 633 2222 rupae
616 2168 696 2209 κελ
679 2189 717 2221 ης
744 2177 817 2209 οὶων
803 2170 890 2215 νᾶς.

295 2223 327 2266 ⁴)
354 2223 398 2257 1n
425 2221 554 2269 Odyss.
580 2223 614 2260 2
640 2230 674 2270 p
706 2223 810 2259 1545
837 2223 895 2259 49.
953 2204 961 2211 ’

314 2296 396 2317 ουτω
422 2283 475 2317 καὶ
501 2298 543 2317 ωκ
548 2297 584 2318 eu.
587 2297 655 2328 νος,
690 2298 726 2318 το
723 2282 770 2317 ἐτ
796 2277 880 2330 υδωρ
907 2280 947 2319 ἆυ
951 2276 986 2318 τ’
1033 2281 1320 2329 αὶμυθευᾶμενος
1347 2277 1388 2322 ὦς
1412 2277 1505 2323 θεός.
1555 2277 1593 2318 ἓν

216 2357 231 2377 ο
264 2338 415 2389 τραγικὸς
440 2338 628 2393 Αἶα-χόλος
653 2344 705 2378 ἐπὶ
730 2337 851 2391 γρυπός
874 2298 1058 2388 καθίζοντα
1084 2336 1197 2389 ἐξάγει
1224 2334 1304 2389 πρδς
1329 2341 1481 2390 θέατρον.
